2962 5130
492 411 673 458 srnnsonr
696 413 849 459 renarro
867 373 924 461 34.
1236 400 1279 463 49

133 556 193 629 gat
208 546 242 608 in
256 557 429 630 mortuum,
447 569 528 632 quae
543 570 608 612 non
623 549 717 612 offuit
731 559 807 611 ante
822 549 970 612 uiuenti?
1004 545 1044 612 an
1062 571 1153 613 meae
1168 553 1277 636 potius
1296 568 1311 613 9

133 648 351 713 contumeliae
378 671 477 714 causa
504 660 536 713 et
563 650 712 713 ordinem
740 662 789 715 tot
816 673 855 714 ao
882 650 996 714 talium
1024 660 1219 716 statutorum
1247 664 1280 717 et

134 749 206 841 diui
229 749 380 816 Gratiani
402 762 564 816 recentem
579 755 841 838 praeceptionem
858 761 890 816 et
905 751 1126 844 discussorum
1141 753 1278 838 diligen-

134 853 214 915 tiam
243 862 275 917 et
303 855 549 940 praefectorum·
572 856 776 940 cognitiones
806 864 839 918 et
865 853 1033 920 relationis
1056 854 1153 918 fidem
1181 858 1277 921 nouis

135 957 400 1039 suggestionibus
430 957 570 1020 arbitrer
597 957 761 1021 sauciari?
811 966 913 1022 testor
939 958 1108 1022 custodem
1136 959 1277 1021 numinis
1331 996 1336 1004 ·

133 1058 237 1120 uestri
258 1056 354 1121 deum
376 1059 459 1122 nihil
481 1081 563 1141 esse,
580 1060 667 1145 quod
688 1061 808 1122 iniuria
823 1060 941 1144 dignus
958 1061 1135 1124 existimer.
1170 1061 1278 1145 quieto

134 1159 216 1222 mihi
243 1158 326 1222 hano
354 1161 592 1246 praefecturam
620 1165 689 1226 sine
717 1162 784 1225 ulla
806 1163 1012 1226 affectatione
1033 1163 1204 1226 tribuistis.
1251 1165 1276 1229 si

134 1281 231 1345 quem
246 1262 329 1326 forte
345 1264 472 1328 mordet
493 1265 632 1347 inuidia,
657 1267 685 1328 si
707 1265 845 1328 alicuius
868 1265 1041 1328 desideriis
1064 1265 1278 1349 reipublicae

134 1384 245 1426 amore
266 1386 330 1428 non
353 1367 520 1447 cessimus,
543 1369 665 1450 cogitet
687 1368 816 1454 priuata
838 1367 914 1430 odia
928 1365 1103 1430 aduersum
1117 1366 1206 1450 leges
1223 1388 1278 1430 ex-

134 1467 274 1530 ercenda
296 1489 361 1531 non
383 1489 464 1532 esse.
509 1480 671 1553 postremo
695 1478 885 1553 cognoscat,
905 1470 943 1532 ¹si
966 1469 1037 1553 quis
1060 1468 1116 1532 ille
1138 1480 1204 1549 est,
1226 1491 1278 1532 me
1298 1490 1329 1537 10

133 1589 288 1654 meosque
309 1572 547 1634 successionem
570 1555 769 1635 clarissimae
790 1579 887 1655 atque
902 1570 1142 1635 illustrissimae
1157 1593 1277 1636 memo-

134 1670 203 1734 riae
230 1672 295 1734 uiri
318 1671 416 1737 Orfiti
445 1694 549 1758 neque
570 1674 695 1738 ratione
717 1675 798 1738 iuris
820 1694 925 1759 neque
947 1673 1106 1739 bonorum
1130 1672 1277 1739 aditione

134 1773 271 1858 cepisse.
316 1797 436 1860 quaeso
465 1776 582 1859 igitur,
611 1798 653 1839 ne
675 1777 710 1839 in
732 1775 962 1840 contumeliam
984 1775 1098 1839 iudicii
1120 1777 1223 1840 uestri
1246 1786 1288 1841 et·

133 1875 200 1938 iuri
228 1886 260 1941 et
287 1877 493 1942 innocentiae
519 1878 610 1941 fraus
638 1887 781 1963 paretur.
826 1877 955 1965 quando
978 1879 1065 1941 enim
1086 1877 1277 1941 absentibus

133 1985 232 2063 atque
247 1979 472 2062 ignorantibus
488 1980 573 2044 inter
588 1979 670 2044 alios
685 1991 780 2065 gesta
794 1981 996 2044 nocuerunt?
1035 1981 1108 2065 quis
1122 2002 1277 2065 umquam

134 2067 331 2145 sententiam
357 2082 500 2146 numinis
528 2083 630 2146 uestri
653 2082 819 2147 inauditus
843 2082 996 2168 excepit?
1040 2083 1169 2168 quando
1192 2103 1277 2146 com-

133 2183 270 2248 minatio
287 2184 331 2272 ad
345 2183 480 2248 heredes
495 2207 600 2271 usque
615 2194 763 2271 porrecta
778 2186 849 2250 est?
881 2194 967 2248 certe
981 2190 1018 2248 ut
1029 2185 1135 2269 ipsam
1147 2205 1277 2248 causam

133 2283 258 2370 loquar,
282 2308 364 2372 quae
385 2308 437 2350 me
459 2308 498 2351 ac
520 2286 778 2350 necessitudines
802 2308 891 2351 meas
910 2288 1005 2351 uobis
1021 2287 1174 2372 propitiis
1189 2285 1277 2349 nullo

134 2387 206 2450 iure
227 2390 404 2474 contingit,
433 2411 507 2476 pars
531 2391 633 2454 maior
655 2387 760 2453 debiti
782 2390 889 2453 soluta
909 2397 1125 2472 monstratur,
1153 2388 1188 2450 in
1210 2389 1276 2452 eui-

138 2490 292 2555 dentibus
325 2492 512 2558 nominibus
540 2514 615 2577 pars
644 2490 776 2554 resedit.
826 2492 917 2555 cuius
946 2491 1055 2554 studio
1083 2489 1277 2565 absoluendi

135 2603 212 2655 sunt
234 2592 411 2677 debitores,
434 2604 469 2657 ut
484 2593 692 2680 implicentur
706 2593 855 2658 innoxii?
890 2614 990 2679 quare
1007 2592 1139 2657 insitam
1154 2592 1289 2663 diuinis.
1297 2607 1326 2654 11

134 2694 285 2758 sensibus
313 2698 432 2761 uestris
462 2719 518 2761 oro
545 2695 721 2776 iustitiam,
755 2718 796 2759 ne
824 2695 999 2760 aduersum
1027 2695 1097 2759 diui
1126 2694 1278 2758 Gratiani

134 2797 372 2879 definitionem,
405 2798 580 2862 aduersum
602 2798 762 2883 rescripta
783 2799 1045 2884 tot'principum
1074 2819 1158 2882 quae
1186 2818 1277 2883 prae·

133 2897 230 2962 fectis
254 2898 366 2965 debita
388 2901 532 2964 eruenda
553 2900 760 2982 mandarunt,
790 2902 964 2964 aduersum
983 2882 1171 2964 relationem
1195 2922 1278 2985 quae

134 2999 320 3077 uberiorem
343 3025 503 3066 summam
526 3002 635 3067 docuit
659 3002 858 3085 exsolutam,
881 3003 1042 3089 reliquum
1066 3023 1142 3065 nero
1166 3023 1277 3064 seeun-

133 3103 213 3167 dum
241 3114 402 3169 rectorum
429 3106 556 3171 litteras
585 3104 823 3192 exculpendum
851 3104 893 3168 ab
920 3105 1071 3170 obnoxiis
1099 3103 1277 3184 intimauit,

133 3207 266 3291 ignaros
289 3208 413 3292 negotii
436 3217 467 3272 et
490 3216 643 3293 paternae
664 3206 855 3295 hereditatis
877 3206 999 3274 alienos
1022 3205 1146 3292 pulsari
1166 3206 1277 3269 incon-

131 3331 217 3394 grua
229 3310 442 3374 conuentione
454 3311 599 3395 patiaris,
612 3331 694 3373 neue
702 3308 1013 3394 exemplumnouum
1020 3310 1093 3392 pius
1100 3309 1278 3394 imperator

131 3411 281 3494 inducas,
298 3421 333 3476 ut
349 3413 509 3476 successio
524 3411 701 3493 hominum,
718 3413 774 3497 qui
789 3412 837 3474 rei
852 3411 1002 3497 publicae
1017 3411 1217 3495 profuerant,
1234 3409 1276 3473 ad

133 3513 255 3580 liberos
284 3536 398 3579 secura
426 3537 491 3578 non
518 3523 673 3580 transeat.
717 3515 835 3579 multos
859 3515 939 3578 haec
961 3507 1067 3577 forma
1088 3512 1223 3576 retinuit
1245 3520 1277 3574 et
1296 3534 1327 3582 12

132 3616 316 3704 plerosque,
340 3625 376 3680 ut
397 3616 547 3697 arbitror,
571 3617 701 3699 iustius,
725 3617 753 3680 si
776 3617 830 3701 qui
852 3616 936 3681 forte
959 3615 1136 3700 prouinciis
1159 3615 1279 3678 uestris

132 3718 219 3782 male
248 3720 342 3783 abusi
369 3728 454 3783 sunt.
499 3729 533 3781 at
559 3740 637 3782 uero
661 3719 835 3803 posteritas
858 3717 994 3782 illustris
1017 3718 1192 3781 memoriae
1214 3716 1280 3779 uiri

133 3821 233 3887 Orfiti
265 3820 348 3884 nihil
380 3844 423 3884 ex
455 3820 511 3884 illo
544 3819 635 3883 aliud
667 3842 764 3905 quam
792 3822 921 3902 generis
949 3821 1077 3904 insigne
1106 3819 1279 3904 quaesiuit.

141 4042 145 4047 “
208 4048 295 4095 tnon
312 4041 367 4094 fuit
385 4040 446 4094 edd.
517 4047 584 4093 tao
603 4046 635 4092 T:
655 4040 684 4093 et
702 4038 763 4092 odd.
833 4044 1028 4107 3graosan1r
1098 4043 1225 4106 ssquo'r

134 4113 149 4163 t
170 4107 347 4162 affectatione
366 4108 442 4162 Lect.
461 4111 487 4161 2.
505 4124 575 4176 squ:
594 4107 742 4161 affectione
760 4113 780 4157 Τ
800 4105 859 4159 aa.
877 4122 933 4172 sqq.
1003 4113 1018 4159 8
1037 4123 1078 4173 rp.
1099 4121 1193 4158 amore
1212 4121 1275 4157 eon·

133 4183 306 4230 eess1must¹
375 4175 553 4228 21‘d1u1nsr
622 4182 654 4228 23
673 4174 902 4226 diffinitionem·T
921 4179 945 4226 et
964 4174 1025 4227 edd.
1062 4174 1144 4240 .qui
1162 4173 1223 4226 edd.

133 4251 327 4313 271gnarusr
362 4249 502 4313 negocur
538 4250 570 4296 29
583 4243 718 4296 successio
731 4242 875 4294 hominum
885 4256 946 4294 aus:
959 4257 1099 4294 successor
1109 4257 1233 4293 omnmm
1246 4245 1278 4304 T,
1339 4245 1343 4253 '

132 4313 271 4365 successio
289 4312 412 4364 omnium
427 4310 486 4364 Get.
497 4328 562 4378 sqq,
581 4311 716 4364 successio
731 4309 909 4376 optimatium
927 4308 992 4366 «ἶνιν,
1004 4312 1031 4361 2.
1050 4324 1106 4374 sqq.
1164 4306 1276 4374 prolue-

132 4381 203 4501 τιᾶιᾶὺ
219 4379 283 4436 Jur.
306 4380 438 4499 zlSct'op.
461 4380 645 4446 praefuerunt
666 4378 806 4431 Mercesus
828 4377 898 4430 Pur.
919 4375 1014 4454 Wiup.
1088 4382 1120 4427 30
1143 4374 1278 4426 retinebit

133 4468 147 4503 c
193 4487 199 4499 .
268 4454 300 4501 33
319 4453 443 4499 arurnT
1177 4474 1181 4485 .

187 4541 313 4586 ermom
324 4551 375 4585 sun.
533 4518 541 4539 ⁸
1108 4532 1125 4580 4
