2970 5122
390 386 745 454 srunrcnrannnmo
770 377 799 433 9.
824 377 874 434 10.
1169 371 1206 434 17

60 521 201 604 buebat,
232 543 296 608 par·
320 521 374 585 uel
402 524 508 609 potior
530 532 616 603 erat,
647 544 743 607 quem
766 543 836 585 sors
859 521 993 585 fecisset
1015 531 1208 585 extremum.

59 625 213 708 quotiens
237 627 384 710 sequenti
407 624 696 711 primusinuidit‘?
741 624 841 689 dubia
864 632 914 687 est
936 624 1024 709 optio
1032 673 1040 705 ,
1071 647 1145 688 cum
1168 622 1208 687 de

62 724 227 790 similibus
250 728 426 793 iudicatur.
463 749 524 792 nee
546 729 667 814 putetis
683 728 778 791 istius
796 727 883 790 modi
898 725 1101 811 uoluptatem
1116 726 1207 813 plebi

60 828 202 893 Martiae
213 852 349 917 paruam
360 831 478 913 uideri,
493 832 547 896 cui
560 830 779 895 delenimenta
790 830 984 893 circensium
995 827 1208 893 finitimorum

33 954 46 995 5
63 931 239 997 conubium
254 934 497 1020 praestiterunt,
513 934 565 997 cui
578 955 722 997 summus
733 932 835 997 honor
846 932 935 996 uisus
949 942 1008 1015 est,
1023 941 1059 994 ut
1071 941 1206 997 ouantes

61 1056 220 1123 equorum·
247 1037 344 1100 dorsa
366 1034 545 1120 gestarent,
573 1044 611 1099 ut
633 1035 869 1121 triumphantes
892 1056 1006 1098 currus
1028 1034 1208 1098 inueheret.
1274 1032 1276 1035 ’

61 1160 127 1223 qua
141 1158 177 1201 re
198 1137 336 1202 uictoria
351 1140 440 1223 genti
456 1136 633 1222 Romuleae
648 1137 820 1202 familiaris
843 1138 1049 1202 clementiam
1064 1146 1208 1202 uestram

56 1262 122 1326 pro
144 1249 222 1304 uoto
245 1241 388 1304 omnium
410 1250 609 1305 muneretur.
653 1241 778 1305 fecistis
800 1250 837 1305 ut
859 1241 937 1306 urbs
961 1263 1043 1305 cana
1064 1239 1208 1305 luxuriet
1226 1253 1240 1300 7

61 1343 97 1406 in
119 1343 262 1430 primam
290 1342 426 1407 reducta
453 1342 611 1407 laetitiam
640 1352 673 1406 et
693 1364 752 1407 uer
773 1342 856 1406 illud
878 1345 1042 1430 quondam
1065 1343 1207 1427 uigentis

24 1467 50 1508 10
63 1447 193 1511 aetatis.
238 1446 343 1510 audeo
370 1447 435 1510 iarn
464 1433 596 1531 sperare
618 1445 754 1530 potiora.
800 1446 938 1511 mittetis
963 1447 1060 1510 etiam
1083 1446 1208 1529 regiam

63 1547 218 1629 classem,
248 1570 337 1633 quae=
352 1533 545 1613 ,annonariis
575 1547 676 1634 copiis
706 1558 826 1632 augeat
854 1547 992 1613 deuotae
1021 1546 1126 1635 plebis
1149 1547 1206 1611 ali·

61 1651 215 1715 moniam.
248 1650 331 1715 hanc
354 1674 432 1716 uero
455 1651 489 1713 in
502 1651 667 1717 Tiberinis
690 1651 784 1713 ostiis
800 1653 921 1715 mixtus
938 1648 1058 1737 populo
1076 1659 1207 1714 senatus

62 1753 218 1839 excipiet.
263 1755 490 1818 uenerabimur
511 1762 678 1839 tamquam
700 1775 809 1817 sacras
832 1755 970 1841 puppes,
994 1775 1077 1839 quae
1099 1752 1208 1817 felicia

62 1877 161 1921 onera
175 1857 360 1943 Aegyptiae
374 1856 480 1940 frugis
496 1856 693 1920 inuexerint.
727 1878 791 1920 non
808 1866 884 1920 sunt
899 1878 999 1942 auara
1014 1865 1101 1937 uota,
1125 1876 1208 1941 quae

25 1981 49 2022 ιε
64 1958 190 2023 saeculi
212 1959 369 2023 excitauit
391 1958 588 2023 humanitas.
626 1959 673 2045 ,de
696 1958 854 2044 exemplis
876 1959 968 2022 uenit
990 1960 1055 2022 ista
1077 1958 1206 2022 fiducia.

60 2083 183 2145 magna
197 2060 366 2128 sumendo
395 2062 519 2125 maiora
545 2061 792 2147 praesumimus.
837 2083 923 2126 nune
950 2059 1051 2144 legite
1073 2071 1240 2127 senatuse

60 2186 99 2228 ac
129 2162 242 2251 populi
269 2165 379 2228 fausta
406 2164 576 2247 suffragia,
605 2162 681 2227 licet
710 2166 810 2227 sciam
839 2162 911 2248 plus
947 2164 1055 2227 inesse
1088 2164 1206 2227 animis

61 2259 162 2353 qu'am
184 2268 320 2331 uocibus
343 2264 511 2352 explicari,
536 2274 568 2329 et
590 2267 750 2351 quaedam
773 2266 931 2330 libamina
952 2265 1076 2351 publici
1098 2265 1133 2327 in
1148 2287 1206 2329 uos

60 2369 181 2434 amoris
205 2370 353 2454 accipite.
388 2369 416 2432 si
438 2391 542 2456 parua
565 2367 672 2433 adbuc
688 2368 877 2453 dictasunt,
900 2390 1069 2433 munerum
1086 2377 1207 2432 uestro·

24 2458 136 2536 iorum
173 2473 333 2558 imputate
361 2470 535 2536 miraculis.
585 2494 662 2536 nam
696 2470 887 2556 magnitudo
922 2465 1064 2556 stu'poris
1100 2471 1206 2536 locum

59 2575 173 2640 multis
196 2572 366 2660 plausibus
387 2596 453 2638 non
473 2572 615 2659 reliquit.

465 2728 467 2731 ’
495 2725 694 2792 RELATIO
718 2727 768 2791 10.

141 2846 282 2911 DDNN.
307 2844 538 2910 Theodosio
562 2856 598 2910 et
620 2846 797 2910 Arcadio
820 2867 979 2931 semper
1000 2846 1127 2930 Augg‘.
1234 2881 1243 2897 ·

249 2948 564 3035 Symmachusu.
588 2971 616 3012 c.
639 2948 878 3035 praefectus
901 2948 1022 3013 urbis.

23 3089 47 3128 as
148 3070 324 3134 Laetarum
352 3089 459 3131 rerum
481 3067 583 3131 index
605 3089 676 3131 esse
698 3065 874 3131 malueram
883 3051 904 3146 ,⁶
920 3068 1044 3131 domini
1066 3067 1205 3154 impera·

23 3186 26 3194 '
59 3185 161 3254 tores,
185 3171 243 3236 sed
264 3173 348 3236 ratio
371 3170 469 3234 officii
494 3169 617 3255 publici
641 3170 868 3234 necessitatem
882 3170 963 3233 mibi
978 3170 1085 3233 nuntii
1101 3171 1205 3234 tristis

58 3273 228 3369 imposuit.
277 3273 506 3336 Praetextatus
535 3281 646 3335 uester
672 3272 901 3337 Praetextatus
928 3273 1087 3336 bonorum
1122 3273 1204 3336 anti-

58 3398 146 3464 quae
157 3376 329 3462 probitatis
342 3384 484 3440 assertor
498 3373 612 3438 inuida
624 3384 711 3438 sorte
722 3374 909 3440 subtractus
924 3385 984 3458 est,
997 3376 1049 3438 uir
1061 3375 1205 3439 omnium

57 3479 151 3544 domi
174 3477 317 3562 forisque
338 3478 507 3541 uirtutum.
541 3479 575 3541 in
590 3477 684 3543 cuius,
697 3478 803 3541 locum
818 3487 946 3542 uestrae
962 3499 1090 3564 quoque
1101 3489 1205 3543 aeter·

17 3582 176 3662 anitati,
205 3601 287 3666 quae
314 3581 452 3664 optimos
480 3580 574 3644 nouit
596 3580 733 3663 eligere,
762 3580 859 3644 nimis
883 3580 1022 3644 arduum
1044 3589 1095 3644 est
1117 3581 1204 3644 simi-

58 3685 128 3747 lem
142 3682 331 3767 subrogare.
365 3684 475 3768 itaque
492 3705 651 3747 summum
673 3683 725 3745 sui
747 3683 781 3745 in
803 3670 984 3768 republica
1006 3682 1237 3748 desiderium2

58 3807 281 3870 magnumque
296 3786 424 3853 ciuibus
440 3787 542 3870 gratis
559 3784 692 3872 reliquit
707 3783 864 3849 dolorem.
898 3808 973 3849 nam
990 3788 1047 3850 ubi
1062 3787 1203 3872 primum

129 4025 201 4077 test
213 4022 288 4076 enim
301 4023 378 4091 optio
395 4023 457 4077 edd.
526 4029 543 4076 4
560 4022 746 4076 delinimenta
763 4021 825 4076 edd.
895 4029 980 4090 tqua
997 4039 1026 4076 re
1040 4027 1072 4073 1⁸:
1091 4021 1203 4089 quando

54 4092 121 4147 edd.
192 4097 224 4144 10
251 4092 301 4143 aut
323 4107 356 4144 eo
378 4097 474 4144 1an1T
545 4097 575 4143 1‘2
593 4091 666 4144 hanc
684 4107 752 4144 uero
770 4106 832 4144 aas:
855 4091 981 4143 habuero
998 4097 1026 4155 Τ,
1045 4089 1117 4142 hane
1136 4105 1204 4158 ergo

54 4160 122 4215 edd.
169 4159 336 4281 &portum
412 4165 442 4212 13
470 4159 682 4213 uenerabuntur
709 4158 770 4216 edd.
839 4157 1011 4211 fehcrorat'
1087 4163 1117 4210 19
1140 4159 1205 4209 sunt

54 4227 168 4282 dictae
210 4266 217 4281 .

128 4293 178 4349 rel.
193 4301 232 4348 10.
250 4293 311 4348 uel.
323 4295 347 4352 9ss
365 4294 424 4347 Jur.
436 4300 477 4349 23.
496 4298 558 4348 Par.
577 4301 618 4349 30.
682 4301 715 4348 23
727 4293 775 4347 DE
788 4291 933 4346 NVNTIO
945 4290 1083 4346 MORTIS
1096 4290 1204 4344 PRAE-

54 4361 259 4418 Tnxrarrr
316 4359 432 4416 DNNN.
453 4361 484 4428 Τ,
503 4360 563 4415 DD.
582 4363 644 4419 edd.
701 4361 841 4416 Archadio
859 4368 879 4412 1·
898 4361 959 4415 edd.
1021 4366 1054 4412 26
1071 4365 1204 4413 nuncnt'

129 4430 299 4484 ‘thanorum
316 4431 378 4486 edd.
447 4435 479 4484 28
497 4431 642 4484 murdlaT
711 4431 801 4484 morte
820 4430 882 4484 edd.
952 4435 984 4483 31
1003 4434 1083 4497 rp'l'

108 4526 237 4568 smum
248 4507 302 4567 aab.
1036 4517 1052 4566 2
