2970 5122
176 351 217 416 58
496 367 676 417 sruusoru
698 368 849 416 annarro
873 359 924 415 41.
947 359 999 415 42.

175 506 362 570 memoriam
378 505 545 571 rationalis
562 505 704 587 emersit,
721 506 776 592 qui
793 503 977 591 exemplum
992 526 1097 569 nouae
1110 505 1323 572 iudicationis

142 609 353 673 einduceret.
403 609 480 673 hinc
509 616 581 673 orta
610 616 659 671 est
685 609 884 695 prouocatio.
929 608 1011 694 qua-e
1038 609 1092 673 ubi
1118 608 1323 674 'auditorium

175 732 304 775 sacrum
326 711 456 776 decreto
480 712 579 775 etiam
600 718 731 774 uestrae
753 711 834 795 legis
857 711 1005 792 intrauit,
1028 732 1140 777 rursus
1163 711 1322 777 eludendi

175 813 287 877 iudicii
310 836 409 878 causa
431 798 633 902 propesitum
656 821 706 876 cst
725 815 822 877 inane
837 803 1065 895 commentum,
1087 823 1124 878 ut
1138 815 1180 880 ab
1196 813 1320 881 illustri

174 917 244 978 uiro
266 917 415 1000 priuatae
438 919 486 980 rei
508 916 625 981 comite
648 915 798 1001 delegata
813 916 955 1000 cognitio
971 916 1134 982 diceretur
1149 919 1349 985 rationalius

174 1019 318 1082 examini
351 1028 448 1106 atque
482 1018 555 1083 ideo
573 1013 700 1082 'rursus
735 1018 778 1083 ad
812 1019 957 1084 eiusdem
986 1018 1107 1084 debere
1134 1021 1319 1105 transferri,

174 1145 247 1185 cum
275 1124 379 1187 omnis
408 1122 556 1208 quaestio
579 1144 629 1186 ex
643 1121 794 1207 precibus
809 1121 970 1186 Marciani
986 1123 1109 1188 dudum
1122 1127 1320 1210 protectoris

174 1235 206 1288 et
229 1235 359 1290 uestrae
382 1225 570 1290 clementiae
592 1224 745 1310 largitate
767 1225 968 1290 descendens
992 1248 1084 1293 sacro
1099 1228 1206 1312 potius
1222 1229 1319 1292 audi·

172 1328 256 1393 torio
285 1351 326 1394 ex
355 1329 585 1416 prouocatione
607 1337 819 1413 competeret,
848 1329 1024 1394 accedente
1046 1331 1143 1395 etiam
1166 1332 1320 1415 proxima

172 1433 349 1515 sanctione,
374 1454 456 1519 quae
471 1432 648 1497 indiscrete
663 1431 757 1495 huius
774 1432 862 1497 modi
876 1431 1111 1518 appellationes
1127 1432 1208 1515 sedi,
1231 1455 1318 1518 quae
1334 1455 1358 1494 ro

138 1536 277 1603 ruicem
307 1536 490 1623 principum
518 1544 644 1617 tuetur,
674 1536 781 1621 prisco
809 1536 880 1598 iure
903 1535 1074 1600 commisit.
1119 1534 1317 1601 examinatis

168 1637 269 1722 igitur
292 1638 441 1703 omnibus
464 1639 674 1725 pronuntiaui
696 1637 781 1701 bona
804 1638 947 1702 obnoxia
968 1659 1034 1702 non
1057 1657 1128 1701 esse
1144 1639 1317 1724 rescripto,

170 1761 242 1804 cum
265 1744 368 1808 uestri
390 1744 532 1807 numinis
554 1752 687 1807 aeterna
710 1742 852 1824 iustitia,
876 1741 904 1803 si
926 1739 1136 1824 scriptisaut
1157 1739 1316 1825 legitimis

168 1844 411 1909 successoribus
428 1856 561 1910 uacaret
575 1845 748 1924 hereditas,
772 1845 887 1908 fiscum
902 1844 1073 1908 statuisset
1088 1840 1231 1923 admitti,
1255 1841 1315 1905 has

167 1956 277 2010 autem
292 1946 466 2012 facultates
482 1946 658 2012 Marcellus
674 1947 785 2012 Bizias
802 1958 835 2013 et
849 1944 1045 2023 Heliodorus
1061 1945 1148 2009 iusta
1163 1943 1315 2010 defuncti
1330 1976 1354 2015 15

167 2047 336 2114 uoluntate
358 2050 530 2136 cepissent.
570 2061 648 2115 tunc
671 2051 866 2116 sententiam
888 2069 994 2112 meam
1009 2047 1162 2112 defensor
1176 2070 1313 2111 uenera-

132 2151 241 2216 abilis
264 2151 378 2218 domus
401 2152 557 2218 inusitata
579 2154 808 2239 prouocatione
831 2153 1012 2238 suspendit.
1050 2151 1109 2215 sed
1125 2172 1198 2214 cum
1213 2150 1313 2215 huius

166 2254 213 2318 rei
235 2253 360 2323 nullum
383 2257 556 2338 excamiare
577 2235 804 2341 cognitionalis
833 2264 947 2320 extare
975 2264 1177 2340 suggereret,
1205 2251 1311 2319 nihilo

166 2357 272 2422 minus
296 2359 457 2425 obiectam
479 2381 592 2424 uocem
613 2356 752 2422 libenter
768 2359 886 2423 admisi
902 2367 935 2424 et
949 2355 1106 2422 relatione
1122 2358 1312 2423 summatim

164 2469 283 2524 cuncta
303 2462 481 2548 conplexus
496 2471 663 2547 gestorum
679 2484 807 2549 queque
829 2463 1021 2527 documenta
1040 2459 1197 2525 subtexui
1217 2482 1311 2545 prae·
1325 2484 1350 2524 ao

164 2585 294 2628 sumens
317 2566 411 2629 bonis
435 2563 595 2650 placitura
614 2565 828 2652 principibuS,
851 2586 935 2651 quae
950 2563 1129 2629 secundum
1144 2563 1233 2648 leges
1249 2585 1310 2649 pro

163 2665 251 2730 fama
273 2678 455 2751 temporum
478 2669 628 2733 iudicaui.

597 2898 798 2964 RELATIO
821 2899 871 2963 42.

245 3033 460 3100 Petronianus
482 3034 680 3100 urbanarum
703 3035 826 3100 dudum
848 3035 1029 3100 cohortium
1051 3031 1143 3096 miles
1166 3031 1208 3094 ad
1234 3052 1305 3094 cor-

160 3132 341 3199 niculorum
369 3134 507 3222 gradum
540 3136 698 3225 inculpati
726 3137 848 3204 laboris
879 3136 1095 3203 diuturnitate
1103 3135 1305 3220 {peruectus
1320 3162 1345 3201 25

159 3260 247 3302 more
268 3238 483 3325 institutoque
505 3241 663 3304 maiorum
686 3241 907 3308 testimonium
929 3240 1048 3307 meruit
1062 3239 1239 3303 castrensis
1255 3237 1306 3301 in·

158 3339 313 3417 dustriae‚
339 3340 426 3427 quod
449 3344 565 3407 ceteris
589 3366 717 3431 quoque
739 3354 813 3432 post
834 3343 1004 3408 honestum
1026 3362 1163 3411 cursum,
1179 3341 1302 3426 stipen-

158 3442 286 3508 diorum
301 3443 426 3509 iudicia
440 3444 635 3531 detulerunt,
659 3447 737 3512 ddd.
754 3448 879 3534 imppp.
893 3442 1123 3511 Ualentiniane
1138 3441 1302 3509 Theodosi

159 3652 384 3659 ,Ἣ

187 3847 192 3856 Ι
217 3787 239 3858 ,2
258 3781 421 3837 aud1t0rum
435 3803 453 3858 Δι
475 3799 562 3852 adpro
580 3789 677 3855 posita
698 3796 718 3840 Τ
787 3794 803 3840 6
826 3788 949 3842 examini
966 3794 986 3839 Τ
1005 3792 1030 3842 et
1047 3787 1123 3842 Lea.
1141 3791 1169 3842 2.
1186 3791 1217 3842 3:
1235 3803 1301 3845 exa·

155 3864 238 3900 mmrs
251 3849 313 3926 edd.
367 3854 493 3906 emsdem
507 3856 553 3918 (sc.
566 3860 689 3919 examen)
703 3863 735 3910 T:
750 3856 875 3910 eiusdem
885 3855 1021 3909 iudicium
1035 3855 1096 3909 edd.
1110 3855 1251 3909 eundem?

155 3915 321 3970 7Mart1ani
339 3920 400 3973 edd.
470 3922 687 3976 8d1soedens'r
756 3922 892 3979 9accede
911 3923 1031 3976 tramr
1102 3928 1133 3977 ιο
1146 3922 1299 3978 indiscrete

154 3997 217 4037 aaa:
236 3985 379 4061 ⁸rndrscret
419 3991 625 4044 Tindisoretas
649 3993 710 4045 edd.
785 3991 1025 4061 appellatronrs'l'
1099 3997 1131 4044 15
1150 3991 1228 4044 iuxta
1250 3992 1299 4046 de-

153 4052 243 4105 funct1
260 4053 379 4108 uolunta
409 4073 436 4107 m
456 4057 518 4114 edd.
590 4065 620 4111 16
639 4076 688 4113 coe
709 4061 834 4113 issent?
904 4066 935 4116 18
953 4060 1114 4127 exemplum
1132 4067 1221 4114 oru'r

154 4125 186 4172 19
205 4120 345 4174 obiectam
364 4128 395 4174 T:
415 4124 569 4189 subiectam
588 4127 648 4181 edd.
668 4077 707 4192 cii
725 4127 803 4182 eota.
821 4127 860 4180 ed
880 4126 1246 4193 0.Tn.11,30,4aet44.

220 4187 269 4245 rel,
282 4194 323 4242 42.
345 4189 403 4244 Jur.
417 4196 457 4244 56.
476 4196 537 4247 Par.
550 4200 590 4247 63.
642 4201 675 4248 23
687 4194 720 4246 D.
734 4194 891 4248 Theodosio
904 4211 1016 4265 semper
1027 4195 1099 4264 Aug.
1113 4195 1299 4263 Symmachus

152 4252 244 4306 Praef.
267 4255 334 4313 Urb.
357 4258 418 4311 edd.
504 4269 537 4316 25
565 4262 812 4316 corniculariorum
835 4263 896 4317 cdd.
923 4265 966 4331 (0.
997 4263 1046 4317 Tu.
1069 4267 1097 4328 8,
1117 4268 1145 4329 7,
1166 4267 1192 4317 8.
1232 4273 1299 4333 post

152 4324 309 4376 transactos
327 4326 493 4394 corniculas)
562 4332 713 4399 peruectus
725 4350 742 4398 p
756 4346 789 4384 eor
806 4350 825 4397 r>
843 4337 960 4387 correcto
972 4339 992 4384 'l'
1004 4333 1156 4400 prouectus
1175 4330 1236 4389 edd.

151 4393 185 4441 28
202 4390 236 4446 D.
253 4390 410 4460 Imperator
428 4395 489 4450 edd.
