2970 5122
163 350 205 413 56
484 339 664 412 srnnncru
687 352 839 411 ascario
862 355 914 414 40.
937 355 988 412 41.

78 525 80 529 ·
164 511 197 564 et
213 510 286 566 octo
302 499 391 563 milia
406 501 558 578 modium,
583 521 665 586 quae
680 499 804 564 horreis
821 509 971 565 aeternae
985 503 1076 566 urbis
1093 514 1310 585 accesserant,

164 603 413 692 prouincialium
436 611 661 690 recuperasset
683 602 852 682 alimonia,
882 605 979 667 etiam
1002 606 1144 690 quinque
1167 605 1258 669 milia
1281 616 1313 669 et

165 706 386 791 septingentos
410 705 535 768 modios
550 703 722 768 Puteolani
744 705 923 790 municipes
940 706 1233 772 Tarracinensibus
1257 709 1313 772 ab·

131 823 146 869 5
164 815 313 870 nuerunt.
329 828 401 869 cum
413 807 514 890 igitur
527 806 606 869 haec
616 829 715 869 causa
727 809 760 870 in
772 807 928 871 iudicium
938 807 1141 893 prouinciale
1154 811 1314 893 uenisset,

165 933 196 972 u.
220 932 246 972 c.
269 908 446 972 consularis
470 932 534 973 non
562 909 766 972 considerata
788 931 930 991 summa,
954 931 1036 994 quac
1058 913 1219 998 rescripto
1244 913 1341 976 diui5

165 1011 322 1097 principis
353 1012 542 1093 tenebatur,
577 1010 777 1075 iudicatione
809 1010 954 1096 generali
989 1013 1097 1075 omnia
1124 1015 1316 1078 Puteolanis

165 1112 334 1177 reddenda
356 1112 510 1179 decreuit.
546 1136 658 1176 uerum
681 1123 756 1198 post
777 1111 1028 1198 appellationem
1045 1114 1199 1180 auditorii
1217 1120 1316 1199 sacri,

167 1239 239 1279 cum
262 1215 353 1280 illum
377 1217 530 1278 frumenti
553 1214 700 1296 modurn,
725 1216 780 1300 qui
804 1215 979 1300 Campanis
1001 1216 1109 1282 fuerat
1131 1221 1318 1300 restitutus,

166 1342 185 1381 a
214 1320 357 1403 quinque
389 1316 521 1380 milibus
546 1326 579 1380 et
602 1316 818 1403 septingentis
840 1317 978 1397 modiis,
1004 1340 1084 1402 quos
1107 1319 1149 1384 ob
1171 1324 1317 1386 necessi·

167 1430 250 1484 tates
282 1419 372 1483 urbis
396 1428 546 1482 aeternae
569 1420 685 1482 ciuitas
708 1419 955 1483 Tarracinensis
977 1423 1120 1506 accepit,
1149 1434 1314 1487 secretum
1330 1445 1355 1483 ιο

166 1546 236 1586 esse
260 1523 470 1608 perspiceret,
493 1532 647 1585 manente
662 1519 793 1584 decreto
816 1520 935 1585 diualis
959 1522 1081 1586 oraculi
1097 1542 1136 1587 ea
1151 1525 1316 1606 subsidia,

168 1646 251 1712 quae
273 1625 524 1688 Tarracinenses
548 1624 669 1688 iudicio
691 1623 779 1709 Lupi
802 1634 834 1687 et
849 1623 1036 1688 Mamertini
1058 1626 1217 1711 praefecti
1240 1649 1317 1692 con·

143 1723 150 1738 ’
168 1716 348 1792 firmatione
372 1726 554 1811 capiebant,
578 1747 638 1789 nec
660 1721 815 1789 roborare
835 1729 951 1811 potuit,
976 1749 1050 1790 cum
1066 1729 1214 1814 responsi
1230 1730 1318 1792 sacri

170 1828 260 1895 nulla
275 1838 402 1892 extaret
416 1830 605 1907 auctoritas,
627 1848 688 1889 nec
703 1826 834 1890 demere
850 1827 989 1910 ciuitati,
1012 1850 1054 1892 ne
1068 1829 1209 1915 populus
1226 1831 1318 1896 utili-

169 1932 291 1997 tatibus
320 1942 473 1997 aeternae
502 1930 592 1994 urbis
622 1929 783 1994 obnoxius
806 1931 901 1994 iustis
930 1931 1109 1996 commodis
1136 1930 1317 2015 indigeret.
1334 1951 1356 1989 ¹5

135 2057 245 2117 aergo
275 2044 311 2097 ut
338 2035 372 2097 in
400 2031 498 2097 rebus
530 2033 638 2096 dubiis
667 2031 741 2094 fieri
769 2041 871 2115 amat,
900 2031 943 2095 ad
971 2033 1162 2098 clementiae
1183 2045 1320 2099 uestrae

168 2137 299 2200 salubre
326 2137 484 2201 iudicium
506 2129 735 2216 conuolamus,
767 2135 845 2198 licet
867 2133 1014 2199 defensio
1037 2134 1218 2199 Puteolana
1241 2147 1319 2221 post

169 2240 360 2326 promissam
373 2237 564 2302 relationem
576 2239 608 2300 in
621 2259 748 2299 cassum
761 2236 938 2301 crediderit
948 2236 1202 2323 prouocandum.
1220 2260 1318 2324 prae-

169 2351 220 2406 sto
243 2350 292 2405 est
312 2348 480 2426 gestorum
503 2340 595 2422 fides,
619 2360 702 2425 quac
724 2341 961 2424 perennitatem
983 2349 1127 2405 uestram
1148 2341 1254 2425 possit
1270 2341 1318 2403 in·

168 2453 304 2507 struere.
334 2450 455 2528 quaeso
469 2451 569 2528 atque
584 2442 730 2524 obsecro,
748 2451 785 2505 ut
799 2443 930 2527 negotio
946 2442 1048 2506 multa
1064 2451 1169 2506 aetate
1180 2444 1317 2507 nutanti
1331 2469 1356 2510 20

169 2544 300 2609 tandem
325 2544 442 2610 stabile
464 2544 645 2608 remedium
669 2542 845 2611 deferatur.

603 2754 806 2820 RELATIO
827 2756 879 2819 41.

255 2894 388 2958 Certum
418 2902 514 2979 atque
544 2890 723 2955 dilucidum
752 2900 801 2954 est
836 2892 918 2956 nihil
947 2914 1019 2956 esse
1053 2900 1118 2955 tam
1152 2890 1319 2956 familiare

145 2995 298 3081 legibus
322 3018 419 3081 quam
441 3005 551 3059 uestra
574 2994 723 3074 decreta,
748 2992 827 3056 ddd.
856 2995 979 3081 imppp.
1017 2994 1074 3058 sed
1104 3004 1318 3059 executorum

171 3120 274 3185 praua
289 3099 513 3183 interpretatio
530 3097 607 3161 dum
623 3095 883 3181 supplicantibus
900 3097 999 3176 fauet,
1015 3096 1209 3183 plerumque
1226 3099 1320 3163 iussa
1333 3129 1361 3168 25

172 3202 359 3287 corrumpit.
405 3209 563 3264 statuerat
590 3209 741 3284 receptus
770 3199 804 3262 in
826 3198 951 3262 caelum
973 3221 1148 3282 germanus
1171 3202 1319 3265 numinis

171 3305 283 3383 uestri,
306 3325 379 3367 cum
401 3303 586 3366 Marcianus
610 3300 733 3364 dudum
756 3293 919 3387 protector
934 3303 1107 3386 Aggareae
1129 3300 1215 3366 bona
1237 3312 1320 3368 tam-

173 3427 270 3491 quam
299 3403 452 3468 uacantia
474 3403 687 3489 postulasset,
716 3412 766 3486 ut,
795 3404 822 3466 si
845 3425 884 3466 ea
905 3403 1070 3469 hereditas
1093 3425 1319 3468 successorem

173 3508 329 3593 scriptum
356 3505 412 3570 uel
440 3505 621 3590 legitimum
649 3526 714 3568 non
742 3505 892 3588 haberet,
921 3507 956 3568 in
983 3499 1042 3570 ius¹
1055 3507 1127 3571 fisci
1148 3515 1319 3592 tamquam

243 3799 255 3846 1
274 3793 349 3845 XXX
369 3794 398 3846 ot
416 3793 483 3845 VIII
495 3793 620 3846 modium
639 3793 700 3846 edd.
719 3791 799 3845 milia
810 3793 924 3846 addidit
941 3794 1024 3846 ettam
1041 3792 1110 3846 Susa
1161 3796 1321 3848 accesserat

174 3869 193 3913 T
244 3861 449 3931 aalrnronrpT
501 3860 681 3915 oconsularis
697 3877 746 3914 aas
764 3859 923 3913 consulares
936 3866 968 3912 T:
987 3876 1037 3913 om.
1050 3861 1110 3914 cdd.
1164 3862 1320 3929 Tappella-

173 3932 280 3982 tronum
299 3929 432 3982 adiutorn
450 3936 481 3980 T:
506 3928 726 3996 appellationem
748 3927 871 3996 cognitio
894 3927 1026 3980 auditorii
1045 3928 1105 3985 cdd.
1178 3936 1209 3982 10
1227 3945 1319 3983 secre-

173 4001 234 4050 tum
246 4012 309 4050 nos:
328 3996 472 4049 decretum
484 4001 504 4046 T
517 4002 542 4049 et
554 3997 615 4049 edd.
651 3994 803 4048 discretum
815 3995 884 4049 Sace
896 3995 931 4060 cf.
943 3996 1021 4049 relat.
1033 3997 1075 4059 44,
1088 4000 1114 4050 1.
1151 4001 1182 4047 1⁸2
1199 3997 1319 4050 tarraci-

173 4082 267 4118 nens1s
280 4071 299 4115 T
336 4070 366 4116 16
379 4063 440 4117 fieri
453 4066 529 4116 amat
540 4079 602 4117 aes:
620 4064 690 4116 fena
701 4064 730 4116 et
742 4068 761 4113 T
774 4062 835 4116 fieri
847 4064 919 4116 solet
931 4062 991 4116 cdd.
1010 4061 1046 4126 cf.
1058 4062 1191 4116 Ammine
1208 4068 1250 4129 17,
1264 4070 1291 4131 1,
1302 4071 1322 4119 7

174 4134 206 4185 ut
223 4132 299 4186 euim
316 4132 400 4184 rebus
418 4132 495 4184 amat
513 4131 574 4184 fieri
592 4130 697 4195 dubiis3
721 4135 763 4194 16,
782 4135 825 4194 12,
843 4134 879 4183 40
900 4131 987 4196 utque
1005 4130 1034 4181 in
1053 4128 1137 4183 rebus
1159 4136 1237 4184 amat
1256 4131 1321 4185 fieri

175 4200 275 4253 dubiis.
346 4206 377 4253 18
416 4198 561 4252 romissam
579 4205 598 4249 T
617 4204 642 4251 et
660 4199 724 4251 Jar.
742 4202 768 4252 2.
786 4215 854 4264 sqq:
871 4196 1053 4264 praemissam
1074 4197 1132 4252 cel.
1150 4214 1207 4266 sqq.

242 4267 291 4321 rel.
311 4273 353 4320 41.
407 4284 448 4319 ur.
466 4272 507 4320 55.
529 4267 591 4319 Par.
611 4273 651 4320 62.
722 4273 762 4318 22.
784 4265 817 4329 D.
838 4263 995 4317 Theodosio
1018 4280 1077 4318 sem
1099 4281 1129 4319 er
1147 4266 1220 4336 Aug.
1238 4265 1320 4336 Sym-

174 4335 289 4389 machus
306 4333 398 4387 Praef.
417 4334 484 4388 Urb.
503 4335 565 4388 edd.
634 4341 666 4387 ‘24
684 4333 717 4385 D.
735 4333 891 4399 Imperator
909 4332 971 4385 edd.
1042 4283 1243 4387 athanasus
1256 4336 1319 4390 cdd.

242 4402 382 4472 Aggariae
401 4403 463 4456 edd.
531 4407 564 4455 28
582 4401 716 4470 scriptum
735 4415 920 4453 successorem
939 4399 1000 4453 edd.
1047 4452 1050 4457 ,
