<?xml version="1.0" encoding="UTF-8"?>
<!DOCTYPE html PUBLIC "-//W3C//DTD XHTML 1.0 Transitional//EN"
    "http://www.w3.org/TR/xhtml1/DTD/xhtml1-transitional.dtd">
<html xmlns="http://www.w3.org/1999/xhtml" xml:lang="en" lang="en">
 <head>
  <title>
</title>
<meta http-equiv="Content-Type" content="text/html;charset=utf-8" />
  <meta name='ocr-system' content='tesseract 3.04.00' />
  <meta name='ocr-capabilities' content='ocr_page ocr_carea ocr_par ocr_line ocrx_word'/>
</head>
<body>
  <div class='ocr_page' id='page_1' title='image "./qaureliisymnach00meyegoog_0010.png"; bbox 0 0 2970 5122; ppageno 0'>
   <div class='ocr_carea' id='block_1_1' title="bbox 498 1452 820 1527">
    <p class='ocr_par' dir='ltr' id='par_1_1' title="bbox 498 1452 820 1527">
     <span class='ocr_line' id='line_1_1' title="bbox 498 1452 820 1527; baseline 0.009 -3"><span class='ocrx_word' id='word_1_1' title='bbox 498 1452 820 1527; x_wconf 81' lang='lat' dir='ltr'><strong>PRAEFATIO.</strong></span> 
     </span>
    </p>
   </div>
   <div class='ocr_carea' id='block_1_2' title="bbox 10 1651 1335 4492">
    <p class='ocr_par' dir='ltr' id='par_1_2' title="bbox 10 1651 1335 3256">
     <span class='ocr_line' id='line_1_2' title="bbox 179 1651 1238 1741; baseline -0.003 -26"><span class='ocrx_word' id='word_1_2' title='bbox 179 1651 364 1736; x_wconf 82' lang='lat' dir='ltr'><strong>Symmachi</strong></span> <span class='ocrx_word' id='word_1_3' title='bbox 381 1652 541 1738; x_wconf 79' lang='lat' dir='ltr'>epistulae</span> <span class='ocrx_word' id='word_1_4' title='bbox 562 1655 605 1719; x_wconf 90' lang='lat' dir='ltr'>ab</span> <span class='ocrx_word' id='word_1_5' title='bbox 626 1655 766 1741; x_wconf 91' lang='lat' dir='ltr'>amplius</span> <span class='ocrx_word' id='word_1_6' title='bbox 788 1655 936 1719; x_wconf 86' lang='lat' dir='ltr'>ducentis</span> <span class='ocrx_word' id='word_1_7' title='bbox 959 1653 1052 1715; x_wconf 90' lang='lat' dir='ltr'>annis</span> <span class='ocrx_word' id='word_1_8' title='bbox 1075 1673 1140 1714; x_wconf 92' lang='lat' dir='ltr'>non</span> <span class='ocrx_word' id='word_1_9' title='bbox 1163 1660 1238 1714; x_wconf 88' lang='lat' dir='ltr'>sunt</span> 
     </span>
     <span class='ocr_line' id='line_1_3' title="bbox 93 1760 1237 1847; baseline 0 -24"><span class='ocrx_word' id='word_1_10' title='bbox 93 1760 201 1824; x_wconf 87' lang='lat' dir='ltr'>editae</span> <span class='ocrx_word' id='word_1_11' title='bbox 224 1771 256 1824; x_wconf 91' lang='lat' dir='ltr'>et</span> <span class='ocrx_word' id='word_1_12' title='bbox 278 1761 434 1846; x_wconf 84' lang='lat' dir='ltr'>uulgatae</span> <span class='ocrx_word' id='word_1_13' title='bbox 450 1763 607 1829; x_wconf 84' lang='lat' dir='ltr'>editiones</span> <span class='ocrx_word' id='word_1_14' title='bbox 624 1776 749 1831; x_wconf 81' lang='lat' dir='ltr'>scatent</span> <span class='ocrx_word' id='word_1_15' title='bbox 762 1765 863 1829; x_wconf 89' lang='lat' dir='ltr'>uitiis.</span> <span class='ocrx_word' id='word_1_16' title='bbox 897 1761 997 1846; x_wconf 88' lang='lat' dir='ltr'>uulgo</span> <span class='ocrx_word' id='word_1_17' title='bbox 1013 1761 1145 1846; x_wconf 91' lang='lat' dir='ltr'>quidem</span> <span class='ocrx_word' id='word_1_18' title='bbox 1160 1782 1237 1847; x_wconf 85' lang='lat' dir='ltr'>prae</span> 
     </span>
     <span class='ocr_line' id='line_1_4' title="bbox 92 1872 1235 1941; baseline 0.001 -8"><span class='ocrx_word' id='word_1_19' title='bbox 92 1873 226 1935; x_wconf 87' lang='lat' dir='ltr'>summis</span> <span class='ocrx_word' id='word_1_20' title='bbox 243 1872 432 1937; x_wconf 87' lang='lat' dir='ltr'>auctoribus</span> <span class='ocrx_word' id='word_1_21' title='bbox 449 1873 582 1938; x_wconf 83' lang='lat' dir='ltr'>Graecis</span> <span class='ocrx_word' id='word_1_22' title='bbox 606 1886 638 1940; x_wconf 87' lang='lat' dir='ltr'>et</span> <span class='ocrx_word' id='word_1_23' title='bbox 653 1876 808 1941; x_wconf 91' lang='lat' dir='ltr'>Romanis</span> <span class='ocrx_word' id='word_1_24' title='bbox 830 1881 1082 1936; x_wconf 87' lang='lat' dir='ltr'>contemnuntur</span> <span class='ocrx_word' id='word_1_25' title='bbox 1096 1874 1235 1935; x_wconf 87' lang='lat' dir='ltr'>auctori-</span> 
     </span>
     <span class='ocr_line' id='line_1_5' title="bbox 92 1980 1236 2072; baseline 0.001 -28"><span class='ocrx_word' id='word_1_26' title='bbox 92 1990 161 2045; x_wconf 86' lang='lat' dir='ltr'>tate</span> <span class='ocrx_word' id='word_1_27' title='bbox 183 1983 354 2046; x_wconf 84' lang='lat' dir='ltr'>inferiores</span> <span class='ocrx_word' id='word_1_28' title='bbox 377 1984 487 2069; x_wconf 89' lang='lat' dir='ltr'>etqui</span> <span class='ocrx_word' id='word_1_29' title='bbox 511 1985 558 2047; x_wconf 87' lang='lat' dir='ltr'>eis</span> <span class='ocrx_word' id='word_1_30' title='bbox 582 1986 661 2050; x_wconf 87' lang='lat' dir='ltr'>dant</span> <span class='ocrx_word' id='word_1_31' title='bbox 683 2008 815 2072; x_wconf 85' lang='lat' dir='ltr'>operam</span> <span class='ocrx_word' id='word_1_32' title='bbox 838 1982 1003 2070; x_wconf 87' lang='lat' dir='ltr'>philologi.</span> <span class='ocrx_word' id='word_1_33' title='bbox 1053 1991 1087 2045; x_wconf 89' lang='lat' dir='ltr'>at</span> <span class='ocrx_word' id='word_1_34' title='bbox 1116 1982 1150 2045; x_wconf 92' lang='lat' dir='ltr'>in</span> <span class='ocrx_word' id='word_1_35' title='bbox 1172 1980 1236 2045; x_wconf 91' lang='lat' dir='ltr'>illis</span> 
     </span>
     <span class='ocr_line' id='line_1_6' title="bbox 10 2090 1236 2183; baseline 0.001 -30"><span class='ocrx_word' id='word_1_36' title='bbox 10 2096 15 2106; x_wconf 91' lang='lat'>&#39;</span> <span class='ocrx_word' id='word_1_37' title='bbox 91 2090 184 2154; x_wconf 88' lang='lat' dir='ltr'>libris</span> <span class='ocrx_word' id='word_1_38' title='bbox 215 2113 251 2154; x_wconf 94' lang='lat' dir='ltr'>re</span> <span class='ocrx_word' id='word_1_39' title='bbox 278 2092 343 2155; x_wconf 91' lang='lat' dir='ltr'>iam</span> <span class='ocrx_word' id='word_1_40' title='bbox 372 2115 410 2156; x_wconf 91' lang='lat' dir='ltr'>eo</span> <span class='ocrx_word' id='word_1_41' title='bbox 433 2094 572 2158; x_wconf 86' lang='lat' dir='ltr'>deducta</span> <span class='ocrx_word' id='word_1_42' title='bbox 600 2104 636 2159; x_wconf 87' lang='lat' dir='ltr'>ut</span> <span class='ocrx_word' id='word_1_43' title='bbox 657 2098 716 2162; x_wconf 86' lang='lat' dir='ltr'>uix</span> <span class='ocrx_word' id='word_1_44' title='bbox 737 2095 914 2183; x_wconf 85' lang='lat' dir='ltr'>quidquam</span> <span class='ocrx_word' id='word_1_45' title='bbox 938 2114 1015 2156; x_wconf 89' lang='lat' dir='ltr'>uere</span> <span class='ocrx_word' id='word_1_46' title='bbox 1038 2092 1236 2173; x_wconf 83' lang='lat' dir='ltr'>emendetur,</span> 
     </span>
     <span class='ocr_line' id='line_1_7' title="bbox 91 2201 1237 2290; baseline -0.001 -26"><span class='ocrx_word' id='word_1_47' title='bbox 91 2223 165 2264; x_wconf 85' lang='lat' dir='ltr'>cum</span> <span class='ocrx_word' id='word_1_48' title='bbox 188 2212 296 2266; x_wconf 83' lang='lat' dir='ltr'>tamen</span> <span class='ocrx_word' id='word_1_49' title='bbox 319 2201 560 2274; x_wconf 83' lang='lat' dir='ltr'>nobilissimum</span> <span class='ocrx_word' id='word_1_50' title='bbox 575 2228 735 2290; x_wconf 87' lang='lat' dir='ltr'>quemque</span> <span class='ocrx_word' id='word_1_51' title='bbox 757 2207 946 2290; x_wconf 82' lang='lat' dir='ltr'>scriptorem</span> <span class='ocrx_word' id='word_1_52' title='bbox 962 2202 1140 2267; x_wconf 88' lang='lat' dir='ltr'>innumeris</span> <span class='ocrx_word' id='word_1_53' title='bbox 1163 2223 1237 2264; x_wconf 88' lang='lat' dir='ltr'>con-</span> 
     </span>
     <span class='ocr_line' id='line_1_8' title="bbox 90 2311 1239 2399; baseline -0.001 -25"><span class='ocrx_word' id='word_1_54' title='bbox 90 2312 226 2376; x_wconf 86' lang='lat' dir='ltr'>iecturis</span> <span class='ocrx_word' id='word_1_55' title='bbox 250 2311 364 2377; x_wconf 78' lang='lat' dir='ltr'>uideas</span> <span class='ocrx_word' id='word_1_56' title='bbox 381 2313 524 2399; x_wconf 86' lang='lat' dir='ltr'>discerpi</span> <span class='ocrx_word' id='word_1_57' title='bbox 540 2315 695 2398; x_wconf 90' lang='lat' dir='ltr'>obruiue,</span> <span class='ocrx_word' id='word_1_58' title='bbox 720 2315 830 2379; x_wconf 87' lang='lat' dir='ltr'>doleas</span> <span class='ocrx_word' id='word_1_59' title='bbox 852 2335 986 2378; x_wconf 90' lang='lat' dir='ltr'>necesse</span> <span class='ocrx_word' id='word_1_60' title='bbox 1002 2321 1065 2391; x_wconf 88' lang='lat' dir='ltr'>est,</span> <span class='ocrx_word' id='word_1_61' title='bbox 1089 2333 1154 2375; x_wconf 92' lang='lat' dir='ltr'>non</span> <span class='ocrx_word' id='word_1_62' title='bbox 1169 2312 1239 2374; x_wconf 91' lang='lat' dir='ltr'>sine</span> 
     </span>
     <span class='ocr_line' id='line_1_9' title="bbox 90 2411 1236 2511; baseline 0 -27"><span class='ocrx_word' id='word_1_63' title='bbox 90 2422 199 2507; x_wconf 88' lang='lat' dir='ltr'>aliquo</span> <span class='ocrx_word' id='word_1_64' title='bbox 224 2411 384 2487; x_wconf 89' lang='lat' dir='ltr'>dedecore</span> <span class='ocrx_word' id='word_1_65' title='bbox 398 2433 579 2488; x_wconf 87' lang='lat' dir='ltr'>ceterorum</span> <span class='ocrx_word' id='word_1_66' title='bbox 597 2420 833 2511; x_wconf 89' lang='lat' dir='ltr'>philologorum</span> <span class='ocrx_word' id='word_1_67' title='bbox 842 2474 852 2507; x_wconf 90' lang='lat'>,</span> <span class='ocrx_word' id='word_1_68' title='bbox 875 2424 951 2510; x_wconf 90' lang='lat' dir='ltr'>quia</span> <span class='ocrx_word' id='word_1_69' title='bbox 968 2423 1047 2486; x_wconf 91' lang='lat' dir='ltr'>haec</span> <span class='ocrx_word' id='word_1_70' title='bbox 1061 2445 1114 2485; x_wconf 89' lang='lat' dir='ltr'>ars</span> <span class='ocrx_word' id='word_1_71' title='bbox 1138 2444 1236 2505; x_wconf 89' lang='lat' dir='ltr'>nuga·</span> 
     </span>
     <span class='ocr_line' id='line_1_10' title="bbox 91 2530 1237 2621; baseline -0.001 -26"><span class='ocrx_word' id='word_1_72' title='bbox 91 2530 174 2595; x_wconf 87' lang='lat' dir='ltr'>toria</span> <span class='ocrx_word' id='word_1_73' title='bbox 197 2535 262 2612; x_wconf 85' lang='lat' dir='ltr'>est,</span> <span class='ocrx_word' id='word_1_74' title='bbox 293 2536 510 2616; x_wconf 82' lang='lat' dir='ltr'>noncritica,</span> <span class='ocrx_word' id='word_1_75' title='bbox 540 2535 645 2621; x_wconf 88' lang='lat' dir='ltr'>perire</span> <span class='ocrx_word' id='word_1_76' title='bbox 667 2535 842 2601; x_wconf 90' lang='lat' dir='ltr'>multorum</span> <span class='ocrx_word' id='word_1_77' title='bbox 871 2534 1034 2598; x_wconf 89' lang='lat' dir='ltr'>hominnm</span> <span class='ocrx_word' id='word_1_78' title='bbox 1058 2532 1167 2596; x_wconf 88' lang='lat' dir='ltr'>studia</span> <span class='ocrx_word' id='word_1_79' title='bbox 1189 2541 1237 2594; x_wconf 89' lang='lat' dir='ltr'>at-</span> 
     </span>
     <span class='ocr_line' id='line_1_11' title="bbox 92 2641 1237 2727; baseline 0.001 -23"><span class='ocrx_word' id='word_1_80' title='bbox 92 2663 155 2726; x_wconf 92' lang='lat' dir='ltr'>que</span> <span class='ocrx_word' id='word_1_81' title='bbox 178 2641 317 2706; x_wconf 88' lang='lat' dir='ltr'>labores.</span> <span class='ocrx_word' id='word_1_82' title='bbox 353 2643 387 2706; x_wconf 92' lang='lat' dir='ltr'>in</span> <span class='ocrx_word' id='word_1_83' title='bbox 410 2643 461 2707; x_wconf 91' lang='lat' dir='ltr'>his</span> <span class='ocrx_word' id='word_1_84' title='bbox 478 2642 570 2709; x_wconf 90' lang='lat' dir='ltr'>libris</span> <span class='ocrx_word' id='word_1_85' title='bbox 593 2668 666 2708; x_wconf 91' lang='lat' dir='ltr'>cum</span> <span class='ocrx_word' id='word_1_86' title='bbox 689 2646 783 2710; x_wconf 89' lang='lat' dir='ltr'>multi</span> <span class='ocrx_word' id='word_1_87' title='bbox 806 2644 867 2709; x_wconf 90' lang='lat' dir='ltr'>loci</span> <span class='ocrx_word' id='word_1_88' title='bbox 883 2643 979 2708; x_wconf 92' lang='lat' dir='ltr'>ualde</span> <span class='ocrx_word' id='word_1_89' title='bbox 1002 2643 1146 2727; x_wconf 88' lang='lat' dir='ltr'>corrupti</span> <span class='ocrx_word' id='word_1_90' title='bbox 1161 2643 1237 2725; x_wconf 86' lang='lat' dir='ltr'>sint,</span> 
     </span>
     <span class='ocr_line' id='line_1_12' title="bbox 90 2752 1235 2840; baseline 0.001 -27"><span class='ocrx_word' id='word_1_91' title='bbox 90 2772 199 2814; x_wconf 89' lang='lat' dir='ltr'>rerum</span> <span class='ocrx_word' id='word_1_92' title='bbox 216 2752 391 2838; x_wconf 86' lang='lat' dir='ltr'>scriptores</span> <span class='ocrx_word' id='word_1_93' title='bbox 407 2754 551 2839; x_wconf 88' lang='lat' dir='ltr'>theologi</span> <span class='ocrx_word' id='word_1_94' title='bbox 566 2757 646 2819; x_wconf 88' lang='lat' dir='ltr'>iuris</span> <span class='ocrx_word' id='word_1_95' title='bbox 662 2758 759 2840; x_wconf 87' lang='lat' dir='ltr'>periti</span> <span class='ocrx_word' id='word_1_96' title='bbox 774 2756 893 2838; x_wconf 87' lang='lat' dir='ltr'>ceteri,</span> <span class='ocrx_word' id='word_1_97' title='bbox 915 2752 1035 2840; x_wconf 90' lang='lat' dir='ltr'>quibus</span> <span class='ocrx_word' id='word_1_98' title='bbox 1051 2774 1132 2837; x_wconf 90' lang='lat' dir='ltr'>opus</span> <span class='ocrx_word' id='word_1_99' title='bbox 1149 2760 1235 2833; x_wconf 87' lang='lat' dir='ltr'>sunt,</span> 
     </span>
     <span class='ocr_line' id='line_1_13' title="bbox 91 2842 1234 2951; baseline -0.003 -26"><span class='ocrx_word' id='word_1_100' title='bbox 91 2884 149 2925; x_wconf 91' lang='lat' dir='ltr'>suo</span> <span class='ocrx_word' id='word_1_101' title='bbox 184 2863 254 2926; x_wconf 88' lang='lat' dir='ltr'>iure</span> <span class='ocrx_word' id='word_1_102' title='bbox 289 2842 447 2946; x_wconf 74' lang='lat' dir='ltr'>poscunt,</span> <span class='ocrx_word' id='word_1_103' title='bbox 480 2873 516 2927; x_wconf 88' lang='lat' dir='ltr'>ut</span> <span class='ocrx_word' id='word_1_104' title='bbox 544 2863 700 2951; x_wconf 87' lang='lat' dir='ltr'>philologi</span> <span class='ocrx_word' id='word_1_105' title='bbox 734 2865 821 2950; x_wconf 89' lang='lat' dir='ltr'>quod</span> <span class='ocrx_word' id='word_1_106' title='bbox 848 2867 994 2951; x_wconf 90' lang='lat' dir='ltr'>ipsorum</span> <span class='ocrx_word' id='word_1_107' title='bbox 1022 2871 1071 2927; x_wconf 88' lang='lat' dir='ltr'>est</span> <span class='ocrx_word' id='word_1_108' title='bbox 1100 2861 1234 2926; x_wconf 88' lang='lat' dir='ltr'>faciant.</span> 
     </span>
     <span class='ocr_line' id='line_1_14' title="bbox 91 2973 1237 3060; baseline 0.002 -26"><span class='ocrx_word' id='word_1_109' title='bbox 91 2993 168 3055; x_wconf 90' lang='lat' dir='ltr'>ergo</span> <span class='ocrx_word' id='word_1_110' title='bbox 198 2982 230 3036; x_wconf 88' lang='lat' dir='ltr'>et</span> <span class='ocrx_word' id='word_1_111' title='bbox 257 2995 371 3037; x_wconf 86' lang='lat' dir='ltr'>sanum</span> <span class='ocrx_word' id='word_1_112' title='bbox 393 2983 425 3038; x_wconf 90' lang='lat' dir='ltr'>et</span> <span class='ocrx_word' id='word_1_113' title='bbox 454 2973 533 3038; x_wconf 88' lang='lat' dir='ltr'>utile</span> <span class='ocrx_word' id='word_1_114' title='bbox 557 2983 604 3058; x_wconf 90' lang='lat' dir='ltr'>et,</span> <span class='ocrx_word' id='word_1_115' title='bbox 630 2975 718 3060; x_wconf 91' lang='lat' dir='ltr'>qnod</span> <span class='ocrx_word' id='word_1_116' title='bbox 746 2974 835 3039; x_wconf 89' lang='lat' dir='ltr'>haud</span> <span class='ocrx_word' id='word_1_117' title='bbox 863 2996 968 3059; x_wconf 87' lang='lat' dir='ltr'>pauca</span> <span class='ocrx_word' id='word_1_118' title='bbox 996 2981 1133 3060; x_wconf 90' lang='lat' dir='ltr'>possunt</span> <span class='ocrx_word' id='word_1_119' title='bbox 1160 2993 1237 3036; x_wconf 90' lang='lat' dir='ltr'>uere</span> 
     </span>
     <span class='ocr_line' id='line_1_15' title="bbox 94 3081 1335 3176; baseline 0 -31"><span class='ocrx_word' id='word_1_120' title='bbox 94 3083 230 3165; x_wconf 87' lang='lat' dir='ltr'>corrigi,</span> <span class='ocrx_word' id='word_1_121' title='bbox 255 3081 349 3148; x_wconf 90' lang='lat' dir='ltr'>dulce</span> <span class='ocrx_word' id='word_1_122' title='bbox 365 3084 463 3147; x_wconf 87' lang='lat' dir='ltr'>habui</span> <span class='ocrx_word' id='word_1_123' title='bbox 479 3087 604 3150; x_wconf 89' lang='lat' dir='ltr'>uersari</span> <span class='ocrx_word' id='word_1_124' title='bbox 626 3087 660 3149; x_wconf 94' lang='lat' dir='ltr'>in</span> <span class='ocrx_word' id='word_1_125' title='bbox 682 3083 954 3169; x_wconf 88' lang='lat' dir='ltr'>recognoscendis</span> <span class='ocrx_word' id='word_1_126' title='bbox 978 3081 1125 3169; x_wconf 86' lang='lat' dir='ltr'>epistulis</span> <span class='ocrx_word' id='word_1_127' title='bbox 1142 3084 1249 3176; x_wconf 21' lang='lat' dir='ltr'>Sym·-</span> <span class='ocrx_word' id='word_1_128' title='bbox 1329 3085 1335 3093; x_wconf 74' lang='grc'><em>’</em></span> 
     </span>
     <span class='ocr_line' id='line_1_16' title="bbox 91 3191 209 3256; baseline 0.008 -3"><span class='ocrx_word' id='word_1_129' title='bbox 91 3191 209 3256; x_wconf 88' lang='lat' dir='ltr'>machi.</span> 
     </span>
    </p>

    <p class='ocr_par' dir='ltr' id='par_1_3' title="bbox 88 3302 1295 4492">
     <span class='ocr_line' id='line_1_17' title="bbox 178 3302 1237 3391; baseline 0.001 -26"><span class='ocrx_word' id='word_1_130' title='bbox 178 3302 268 3366; x_wconf 90' lang='lat' dir='ltr'>Inter</span> <span class='ocrx_word' id='word_1_131' title='bbox 284 3325 338 3367; x_wconf 90' lang='lat' dir='ltr'>eas</span> <span class='ocrx_word' id='word_1_132' title='bbox 360 3307 522 3388; x_wconf 88' lang='lat' dir='ltr'>grauitate</span> <span class='ocrx_word' id='word_1_133' title='bbox 538 3315 802 3391; x_wconf 87' lang='lat' dir='ltr'>argumentorum</span> <span class='ocrx_word' id='word_1_134' title='bbox 817 3305 946 3369; x_wconf 88' lang='lat' dir='ltr'>litterae</span> <span class='ocrx_word' id='word_1_135' title='bbox 961 3302 1135 3386; x_wconf 85' lang='lat' dir='ltr'>excellunt,</span> <span class='ocrx_word' id='word_1_136' title='bbox 1156 3325 1237 3387; x_wconf 87' lang='lat' dir='ltr'>quas</span> 
     </span>
     <span class='ocr_line' id='line_1_18' title="bbox 93 3412 1236 3500; baseline 0.001 -24"><span class='ocrx_word' id='word_1_137' title='bbox 93 3412 326 3498; x_wconf 88' lang='lat' dir='ltr'>Symmachus,</span> <span class='ocrx_word' id='word_1_138' title='bbox 351 3413 428 3478; x_wconf 91' lang='lat' dir='ltr'>dum</span> <span class='ocrx_word' id='word_1_139' title='bbox 450 3439 479 3481; x_wconf 91' lang='lat' dir='ltr'>a.</span> <span class='ocrx_word' id='word_1_140' title='bbox 502 3416 566 3480; x_wconf 85' lang='lat'>384</span> <span class='ocrx_word' id='word_1_141' title='bbox 589 3417 636 3500; x_wconf 87' lang='lat' dir='ltr'>(et</span> <span class='ocrx_word' id='word_1_142' title='bbox 657 3416 733 3481; x_wconf 86' lang='lat' dir='ltr'>fort.</span> <span class='ocrx_word' id='word_1_143' title='bbox 749 3416 825 3498; x_wconf 79' lang='lat'>385)</span> <span class='ocrx_word' id='word_1_144' title='bbox 848 3438 879 3500; x_wconf 91' lang='lat' dir='ltr'>p.</span> <span class='ocrx_word' id='word_1_145' title='bbox 896 3416 956 3479; x_wconf 81' lang='lat' dir='ltr'>Ch.</span> <span class='ocrx_word' id='word_1_146' title='bbox 972 3414 1122 3498; x_wconf 87' lang='lat' dir='ltr'>fungitur</span> <span class='ocrx_word' id='word_1_147' title='bbox 1143 3435 1236 3498; x_wconf 90' lang='lat' dir='ltr'>prae·</span> 
     </span>
     <span class='ocr_line' id='line_1_19' title="bbox 96 3522 1239 3611; baseline 0 -26"><span class='ocrx_word' id='word_1_148' title='bbox 96 3522 223 3588; x_wconf 83' lang='lat' dir='ltr'>sectura</span> <span class='ocrx_word' id='word_1_149' title='bbox 252 3522 393 3605; x_wconf 89' lang='lat' dir='ltr'>urbana,</span> <span class='ocrx_word' id='word_1_150' title='bbox 422 3525 465 3588; x_wconf 97' lang='lat' dir='ltr'>ad</span> <span class='ocrx_word' id='word_1_151' title='bbox 493 3526 705 3611; x_wconf 87' lang='lat' dir='ltr'>imperatores</span> <span class='ocrx_word' id='word_1_152' title='bbox 728 3524 995 3590; x_wconf 87' lang='lat' dir='ltr'>Ualentinianum</span> <span class='ocrx_word' id='word_1_153' title='bbox 1018 3523 1239 3588; x_wconf 85' lang='lat' dir='ltr'>Theodosium</span> 
     </span>
     <span class='ocr_line' id='line_1_20' title="bbox 92 3631 1295 3727; baseline 0.001 -32"><span class='ocrx_word' id='word_1_154' title='bbox 92 3643 124 3696; x_wconf 90' lang='lat' dir='ltr'>et</span> <span class='ocrx_word' id='word_1_155' title='bbox 140 3631 319 3697; x_wconf 89' lang='lat' dir='ltr'>Arcadium</span> <span class='ocrx_word' id='word_1_156' title='bbox 335 3635 433 3699; x_wconf 88' lang='lat' dir='ltr'>misit.</span> <span class='ocrx_word' id='word_1_157' title='bbox 458 3657 544 3720; x_wconf 88' lang='lat' dir='ltr'>quas</span> <span class='ocrx_word' id='word_1_158' title='bbox 556 3657 630 3698; x_wconf 91' lang='lat' dir='ltr'>cum</span> <span class='ocrx_word' id='word_1_159' title='bbox 643 3633 800 3700; x_wconf 86' lang='lat' dir='ltr'>Gelenius</span> <span class='ocrx_word' id='word_1_160' title='bbox 816 3635 974 3720; x_wconf 89' lang='lat' dir='ltr'>florilegio</span> <span class='ocrx_word' id='word_1_161' title='bbox 987 3633 1238 3720; x_wconf 86' lang='lat' dir='ltr'>Symmachiano</span> <span class='ocrx_word' id='word_1_162' title='bbox 1292 3720 1295 3727; x_wconf 91' lang='lat'>.</span> 
     </span>
     <span class='ocr_line' id='line_1_21' title="bbox 89 3720 1238 3831; baseline 0.002 -25"><span class='ocrx_word' id='word_1_163' title='bbox 89 3744 182 3827; x_wconf 84' lang='lat' dir='ltr'>quasi</span> <span class='ocrx_word' id='word_1_164' title='bbox 213 3741 353 3831; x_wconf 79' lang='lat' dir='ltr'>alterum</span> <span class='ocrx_word' id='word_1_165' title='bbox 381 3743 502 3808; x_wconf 90' lang='lat' dir='ltr'>librum</span> <span class='ocrx_word' id='word_1_166' title='bbox 531 3744 730 3828; x_wconf 88' lang='lat' dir='ltr'>addidisset,</span> <span class='ocrx_word' id='word_1_167' title='bbox 759 3726 885 3822; x_wconf 83' lang='lat' dir='ltr'>decimo</span> <span class='ocrx_word' id='word_1_168' title='bbox 901 3720 1127 3831; x_wconf 44' lang='lat' dir='ltr'>‘epistularum</span> <span class='ocrx_word' id='word_1_169' title='bbox 1154 3742 1238 3808; x_wconf 91' lang='lat' dir='ltr'>libro</span> 
     </span>
     <span class='ocr_line' id='line_1_22' title="bbox 89 3851 1237 3946; baseline 0.001 -30"><span class='ocrx_word' id='word_1_170' title='bbox 89 3851 240 3918; x_wconf 85' lang='lat' dir='ltr'>adiunxit</span> <span class='ocrx_word' id='word_1_171' title='bbox 269 3853 405 3918; x_wconf 86' lang='lat' dir='ltr'>Juretus</span> <span class='ocrx_word' id='word_1_172' title='bbox 436 3877 502 3918; x_wconf 91' lang='lat' dir='ltr'>non</span> <span class='ocrx_word' id='word_1_173' title='bbox 523 3855 825 3920; x_wconf 79' lang='lat' dir='ltr'>codicumsecutus</span> <span class='ocrx_word' id='word_1_174' title='bbox 847 3856 1092 3946; x_wconf 86' lang='lat' dir='ltr'>auctoritatem,</span> <span class='ocrx_word' id='word_1_175' title='bbox 1120 3853 1178 3918; x_wconf 92' lang='lat' dir='ltr'>sed</span> <span class='ocrx_word' id='word_1_176' title='bbox 1200 3863 1237 3918; x_wconf 93' lang='lat' dir='ltr'>ut</span> 
     </span>
     <span class='ocr_line' id='line_1_23' title="bbox 89 3962 1234 4052; baseline 0 -25"><span class='ocrx_word' id='word_1_177' title='bbox 89 3962 221 4027; x_wconf 91' lang='lat' dir='ltr'>uidetur</span> <span class='ocrx_word' id='word_1_178' title='bbox 237 3964 336 4028; x_wconf 87' lang='lat' dir='ltr'>Plinii</span> <span class='ocrx_word' id='word_1_179' title='bbox 358 3963 506 4052; x_wconf 89' lang='lat' dir='ltr'>ordinem</span> <span class='ocrx_word' id='word_1_180' title='bbox 529 3964 752 4050; x_wconf 89' lang='lat' dir='ltr'>epistularum.</span> <span class='ocrx_word' id='word_1_181' title='bbox 788 3988 867 4028; x_wconf 91' lang='lat' dir='ltr'>num</span> <span class='ocrx_word' id='word_1_182' title='bbox 882 3965 1064 4049; x_wconf 91' lang='lat' dir='ltr'>iungendae</span> <span class='ocrx_word' id='word_1_183' title='bbox 1080 3967 1146 4029; x_wconf 88' lang='lat' dir='ltr'>sint</span> <span class='ocrx_word' id='word_1_184' title='bbox 1161 3987 1234 4029; x_wconf 88' lang='lat' dir='ltr'>cum</span> 
     </span>
     <span class='ocr_line' id='line_1_24' title="bbox 88 4074 1234 4160; baseline 0 -22"><span class='ocrx_word' id='word_1_185' title='bbox 88 4095 226 4158; x_wconf 88' lang='lat' dir='ltr'>corpore</span> <span class='ocrx_word' id='word_1_186' title='bbox 249 4074 460 4159; x_wconf 88' lang='lat' dir='ltr'>epistularum</span> <span class='ocrx_word' id='word_1_187' title='bbox 474 4078 635 4140; x_wconf 90' lang='lat' dir='ltr'>incertum</span> <span class='ocrx_word' id='word_1_188' title='bbox 651 4085 713 4141; x_wconf 87' lang='lat' dir='ltr'>est:</span> <span class='ocrx_word' id='word_1_189' title='bbox 737 4085 863 4140; x_wconf 88' lang='lat' dir='ltr'>eertum</span> <span class='ocrx_word' id='word_1_190' title='bbox 886 4085 917 4140; x_wconf 91' lang='lat' dir='ltr'>et</span> <span class='ocrx_word' id='word_1_191' title='bbox 931 4077 1131 4160; x_wconf 89' lang='lat' dir='ltr'>argumentis</span> <span class='ocrx_word' id='word_1_192' title='bbox 1154 4076 1234 4160; x_wconf 92' lang='lat' dir='ltr'>ipsis</span> 
     </span>
     <span class='ocr_line' id='line_1_25' title="bbox 89 4165 1234 4270; baseline 0.003 -25"><span class='ocrx_word' id='word_1_193' title='bbox 89 4193 122 4247; x_wconf 89' lang='lat' dir='ltr'>et</span> <span class='ocrx_word' id='word_1_194' title='bbox 149 4185 344 4248; x_wconf 86' lang='lat' dir='ltr'>auctoritate</span> <span class='ocrx_word' id='word_1_195' title='bbox 372 4184 496 4250; x_wconf 90' lang='lat' dir='ltr'>codicis</span> <span class='ocrx_word' id='word_1_196' title='bbox 525 4165 799 4270; x_wconf 87' lang='lat' dir='ltr'>Tegernseeensis</span> <span class='ocrx_word' id='word_1_197' title='bbox 827 4187 1016 4251; x_wconf 76' lang='lat' dir='ltr'>relationum</span> <span class='ocrx_word' id='word_1_198' title='bbox 1042 4186 1090 4248; x_wconf 88' lang='lat' dir='ltr'>eis</span> <span class='ocrx_word' id='word_1_199' title='bbox 1118 4207 1234 4249; x_wconf 88' lang='lat' dir='ltr'>nomen</span> 
     </span>
     <span class='ocr_line' id='line_1_26' title="bbox 88 4292 1235 4381; baseline 0.002 -24"><span class='ocrx_word' id='word_1_200' title='bbox 88 4292 329 4379; x_wconf 87' lang='lat' dir='ltr'>adsignandum</span> <span class='ocrx_word' id='word_1_201' title='bbox 345 4317 428 4359; x_wconf 89' lang='lat' dir='ltr'>esse.</span> <span class='ocrx_word' id='word_1_202' title='bbox 452 4294 510 4359; x_wconf 88' lang='lat' dir='ltr'>has</span> <span class='ocrx_word' id='word_1_203' title='bbox 523 4296 696 4361; x_wconf 88' lang='lat' dir='ltr'>relationes</span> <span class='ocrx_word' id='word_1_204' title='bbox 710 4296 856 4360; x_wconf 89' lang='lat' dir='ltr'>editurus</span> <span class='ocrx_word' id='word_1_205' title='bbox 869 4296 971 4361; x_wconf 89' lang='lat' dir='ltr'>libros</span> <span class='ocrx_word' id='word_1_206' title='bbox 984 4318 1081 4360; x_wconf 90' lang='lat' dir='ltr'>manu</span> <span class='ocrx_word' id='word_1_207' title='bbox 1096 4295 1235 4381; x_wconf 87' lang='lat' dir='ltr'>scriptos</span> 
     </span>
     <span class='ocr_line' id='line_1_27' title="bbox 88 4403 1233 4492; baseline 0 -25"><span class='ocrx_word' id='word_1_208' title='bbox 88 4425 164 4469; x_wconf 91' lang='lat' dir='ltr'>cum</span> <span class='ocrx_word' id='word_1_209' title='bbox 180 4403 475 4490; x_wconf 88' lang='lat' dir='ltr'>circumspicerem,</span> <span class='ocrx_word' id='word_1_210' title='bbox 495 4427 600 4492; x_wconf 87' lang='lat' dir='ltr'>neque</span> <span class='ocrx_word' id='word_1_211' title='bbox 618 4406 877 4492; x_wconf 83' lang='lat' dir='ltr'>postGelenium</span> <span class='ocrx_word' id='word_1_212' title='bbox 893 4405 995 4470; x_wconf 90' lang='lat' dir='ltr'>ullum</span> <span class='ocrx_word' id='word_1_213' title='bbox 1008 4405 1168 4470; x_wconf 89' lang='lat' dir='ltr'>editorem</span> <span class='ocrx_word' id='word_1_214' title='bbox 1183 4427 1233 4468; x_wconf 91' lang='lat' dir='ltr'>co-</span> 
     </span>
    </p>
   </div>
   <div class='ocr_carea' id='block_1_3' title="bbox 0 0 1490 5122">
    <p class='ocr_par' dir='ltr' id='par_1_4' title="bbox 0 0 1490 5122">
     <span class='ocr_line' id='line_1_28' title="bbox 0 0 1490 5122; baseline 0 1"><span class='ocrx_word' id='word_1_215' title='bbox 0 0 1490 5122; x_wconf 95' lang='lat' dir='ltr'> </span> 
     </span>
    </p>
   </div>
  </div>
 </body>
</html>
