2970 5122
52 408 56 413 -
91 360 96 368 ’
167 372 210 436 36
488 386 668 435 sruusoru
690 387 842 436 antimo
866 378 916 436 25.
940 381 990 438 26.

167 525 206 586 tii
233 545 265 589 u.
293 543 321 585 c.
350 542 432 586 uoce
458 521 649 606 perstrictus
677 530 737 586 est.
787 545 883 608 quem
917 525 1079 610 Cyriades
1113 529 1167 592 uir
1201 529 1320 615 parilis

167 624 339 708 dignitatis
362 631 475 686 mutua
496 623 702 687 accusatione
730 624 870 689 credidit
897 627 1161 694 remordendum.
1208 633 1321 698 uisum

167 735 219 790 est
251 725 354 809 igitur
387 725 648 807 accommodum,
682 734 718 789 ut
751 727 920 812 utriusque
953 728 1220 796 aedificationem
1254 734 1322 800 fida

168 829 355 892 aestimaret
377 826 549 912 inspectio.
587 826 663 890 dedi
686 827 854 911 negotium
876 826 1024 893 sollicitis
1048 842 1214 917 quantum
1224 810 1320 901 'arbi-

165 939 235 994 tror
261 929 342 993 uiris
373 937 406 992 et
429 926 574 1014 Cyriade
602 949 705 1015 paene
733 938 903 993 recusante
925 931 1057 996 decreui
1080 934 1214 1000 fabrilis
1236 941 1344 1005 antiss

166 1032 357 1116 magistros,
386 1051 467 1116 quos
490 1030 687 1096 'aduersario
715 1030 883 1118 aequiores
906 1035 1061 1118 putabat,
1091 1039 1320 1106 aestimationi

165 1134 273 1221 operis
294 1131 533 1216 admonendos,
561 1145 712 1198 manente
733 1131 833 1198 nihilo
856 1134 963 1198 minus
986 1157 1085 1222 penes
1107 1130 1319 1207 Auxentium

165 1257 244 1300 cura
270 1243 370 1321 atque
396 1232 679 1299 administratione
700 1246 902 1322 coeptorum,
930 1237 1017 1323 quod
1045 1240 1189 1305 necdum
1210 1253 1319 1308 aeter-

131 1355 146 1401 3
165 1338 251 1401 nitas
277 1345 383 1402 uestra
405 1322 550 1402 officiunt
567 1335 635 1400 eius
651 1357 841 1401 successore
856 1346 1023 1404 mutasset.
1056 1341 1172 1429 itaque
1189 1343 1317 1412 exactis

164 1439 289 1526 aliquot
311 1439 428 1505 diebus
451 1447 483 1502 et
504 1438 610 1502 adhuc
632 1437 797 1524 pendente
819 1441 926 1526 operis
955 1442 1107 1507 examine
1133 1449 1315 1533 apparitio,
1328 1469 1349 1506 1⁰

167 1565 250 1630 quae
273 1542 439 1607 Auxentio
467 1539 575 1605 fuerat
596 1539 768 1627 deputata,
796 1562 854 1628 per
876 1542 1036 1607 notarium
1059 1544 1141 1609 mihi
1164 1548 1248 1614 feeit
1269 1553 1316 1616 in·

165 1645 284 1709 dicium
323 1642 508 1707 deseruisse
547 1642 762 1713 clarissImum
800 1644 906 1707 uirum
940 1654 1167 1733 susceptorum
1201 1674 1315 1717 cinam

164 1746 309 1812 locorum
337 1753 370 1809 et
396 1744 457 1809 sub
486 1745 558 1831 ipso
586 1746 720 1810 aestatis
743 1745 894 1840 exordio,
923 1768 987 1832 quo
1009 1749 1113 1844 possit
1135 1764 1314 1838 prouectus

164 1847 400 1912 aedificationis
424 1855 609 1932 assurgere,
638 1845 774 1912 nihilum
795 1849 992 1933 promoueri.
1037 1849 1096 1914 sed
1118 1855 1198 1938 quia
1220 1877 1313 1921 sena·

165 1950 244 2017 toris
264 1949 345 2034 fuga
360 1969 423 2013 non
438 1944 610 2014 uidebatur
624 1959 746 2014 temere
760 1947 933 2032 credenda,
956 1961 993 2017 ut
1006 1953 1189 2039 impensius
1203 1959 1312 2047 requi·
1323 1983 1343 2023 ιι

163 2063 289 2118 reretur
315 2051 481 2116 admonui.
538 2051 595 2115 diu
627 2072 789 2138 nusquam
815 2052 964 2135 gentium
999 2051 1225 2142 deprehensus
1256 2061 1313 2128 ubi

165 2156 356 2221 comitatum
378 2175 507 2218 sacrum
528 2153 672 2219 numinis
691 2152 794 2219 uestri
816 2152 908 2219 adire
930 2156 1039 2220 iussus
1063 2166 1130 2242 est,
1155 2160 1311 2229 euolauit.

163 2258 288 2322 interea
315 2255 478 2343 Cyriades
506 2279 537 2320 u.
561 2277 590 2319 c.
617 2277 725 2321 comes
753 2266 786 2321 et
811 2256 1019 2323 mechanicus
1046 2279 1122 2324 eum
1149 2271 1310 2330 statutum

163 2379 269 2422 meum
292 2358 439 2422 discessu
462 2359 531 2422 eius
553 2356 681 2423 uideret
704 2357 841 2441 elusum,
864 2358 1002 2424 multum
1024 2363 1143 2427 anxius
1167 2386 1210 2430 ne
1234 2365 1310 2450 quid

163 2461 198 2524 in
233 2460 404 2524 absentem
439 2459 646 2524 aduersarius
682 2458 852 2544 moliatur,
890 2470 927 2525 ut
957 2464 1145 2529 aeternitati
1179 2479 1338 2534 uestraeo

164 2572 197 2627 et
217 2563 408 2627 relationem
428 2586 459 2627 u.
472 2583 500 2626 e.
516 2561 754 2646 predecessoris
768 2563 834 2627 mei
850 2572 883 2628 et
896 2584 983 2629 nune
999 2575 1073 2630 acta
1086 2587 1307 2654 suggererem,

129 2665 365 2752 4depoposcit.
414 2665 468 2728 eui
496 2662 697 2730 audientiam
722 2686 843 2749 negare
871 2688 938 2731 non
965 2668 1074 2753 potui,
1108 2669 1230 2735 eadem
1256 2675 1308 2738 uia

162 2776 336 2855 praecepto
358 2767 500 2832 numinis
523 2767 626 2831 uestri
647 2766 783 2854 cupiens
805 2768 949 2851 edoceri,
977 2769 1034 2854 qui
1055 2770 1144 2836 facto
1166 2794 1248 2840 usus
1271 2776 1308 2841 sit

163 2871 204 2936 de
226 2870 454 2936 aestimatione
476 2879 672 2956 sumptuum,
695 2891 776 2954 quos
798 2871 967 2957 utriusque
988 2872 1166 2959 insumpsit
1187 2898 1306 2965 expen-

162 2976 221 3041 sio.
272 2972 433 3059 siquidem
463 2994 570 3036 meum
600 2980 751 3058 expectat
785 2971 930 3074 officium
965 2973 1112 3038 lacunam
1148 2981 1304 3065 pecuniae
1314 3000 1334 3043 ιι

163 3073 315 3161 publicae
337 3096 402 3139 non
423 3083 542 3139 tacere.
565 3073 661 3138 fidem
684 3071 803 3138 litteris
826 3075 949 3139 sociata
968 3086 1062 3160 gesta
1076 3081 1303 3163 praestabunt.

163 3199 247 3265 quae
275 3175 333 3240 ubi
361 3177 404 3240 ad
432 3198 541 3241 sacras
569 3198 664 3240 aures
687 3177 901 3263 perennitatis
923 3188 1052 3243 uestrae
1066 3181 1214 3246 'recitata
1236 3207 1303 3271 per·

162 3281 321 3359 uenerint,
344 3299 400 3343 oro
422 3287 519 3366 atque
541 3280 687 3358 obsecro,
709 3287 745 3343 ut
768 3279 927 3345 incertum
944 3280 1045 3345 animi
1059 3283 1124 3347 mei
1138 3288 1303 3370 responsis

162 3379 384 3469 imperialibus
407 3383 598 3446 instruatur.

593 3549 796 3616 RELATIO
816 3543 871 3617 26.
1312 3573 1351 3614 ru

246 3662 382 3728 Certum
409 3670 459 3726 est
485 3660 617 3746 quidem
644 3659 850 3726 clementiam
876 3671 1019 3728 uestram
1041 3661 1120 3729 fidei
1140 3685 1254 3733 amore
1274 3677 1304 3732 et

161 3764 270 3830 studio
292 3763 441 3829 ueritatis
457 3764 492 3827 in
507 3785 643 3828 examen
657 3763 826 3829 assiduum
841 3785 937 3851 saepe
953 3764 1124 3852 explorata
1137 3789 1302 3853 reuocare,

230 4019 460 4089 lperstnnctusr
488 4021 688 4088 tnegomumr
715 4023 731 4072 5
760 4020 860 4071 cenet
890 4014 1128 4073 tadmouentesr
1162 4026 1270 4092 penu!

161 4085 369 4143 9suceessione
387 4087 448 4141 edd.
519 4093 549 4138 11
567 4085 708 4139 notariam
747 4101 791 4140 ur.
808 4088 836 4140 2.
856 4084 946 4152 susp.
1022 4092 1052 4140 12
1070 4103 1150 4141 susce
1170 4090 1299 4143 toremr

230 4161 261 4209 13
273 4154 374 4208 aetatis
386 4160 406 4206 τ
458 4152 600 4222 profectus
612 4153 673 4208 cdd.
725 4159 756 4206 21
770 4153 991 4221 praedecessoris
1003 4153 1064 4208 edd.
1078 4155 1115 4221 ct.
1126 4105 1170 4208 od
1177 4159 1224 4220 20,
1237 4162 1253 4210 1

181 4222 279 4291 3quid
291 4222 367 4276 facto
380 4221 442 4276 edd.
455 4221 490 4287 cf.
505 4221 652 4274 Marad
664 4220 780 4288 ep.I,1.
850 4227 908 4274 263
930 4221 1301 4292 eotstedd.cf.Dip.41,1,

159 4293 208 4355 26,
220 4296 245 4347 1.
271 4293 314 4356 48,
327 4295 354 4358 5,
371 4293 416 4353 29,
434 4293 461 4345 8.
528 4289 659 4342 lacunam
676 4295 709 4340 rr
727 4287 897 4341 iacturame
939 4289 998 4355 ,cfi
1016 4289 1080 4343 Jur.
1097 4292 1125 4344 2.
1143 4291 1182 4344 od
1207 4291 1238 4356 V,
1254 4297 1297 4347 76.

228 4358 277 4426 rel.
291 4364 332 4412 26.
361 4357 422 4413 Gel.
442 4362 482 4413 25.
509 4355 567 4410 Jur.
586 4363 627 4410 39.
653 4361 714 4411 Par.
732 4362 773 4410 46.
825 4354 929 4409 30DD.
942 4356 1101 4417 Theodosio
1120 4359 1150 4410 et
1161 4359 1301 4414 Archadio

161 4441 272 4494 semper
290 4426 381 4496 Augg.
401 4424 559 4494 symmach.
577 4441 605 4478 u.
624 4440 647 4478 c.
665 4423 755 4477 Praei.
776 4422 843 4478 Urb.
861 4423 922 4478 edd.
