<?xml version="1.0" encoding="UTF-8"?>
<!DOCTYPE html PUBLIC "-//W3C//DTD XHTML 1.0 Transitional//EN"
    "http://www.w3.org/TR/xhtml1/DTD/xhtml1-transitional.dtd">
<html xmlns="http://www.w3.org/1999/xhtml" xml:lang="en" lang="en">
 <head>
  <title>
</title>
<meta http-equiv="Content-Type" content="text/html;charset=utf-8" />
  <meta name='ocr-system' content='tesseract 3.04.00' />
  <meta name='ocr-capabilities' content='ocr_page ocr_carea ocr_par ocr_line ocrx_word'/>
</head>
<body>
  <div class='ocr_page' id='page_1' title='image "./qaureliisymnach00meyegoog_0065.png"; bbox 0 0 2970 5122; ppageno 0'>
   <div class='ocr_carea' id='block_1_1' title="bbox 164 409 989 472">
    <p class='ocr_par' dir='ltr' id='par_1_1' title="bbox 164 409 989 472">
     <span class='ocr_line' id='line_1_1' title="bbox 164 409 989 472; baseline -0.001 -1"><span class='ocrx_word' id='word_1_1' title='bbox 164 409 206 472; x_wconf 79' lang='grc'>52</span> <span class='ocrx_word' id='word_1_2' title='bbox 470 423 663 471; x_wconf 76' lang='lat' dir='ltr'>sruuxcm</span> <span class='ocrx_word' id='word_1_3' title='bbox 685 423 838 470; x_wconf 71' lang='lat' dir='ltr'>susurro</span> <span class='ocrx_word' id='word_1_4' title='bbox 863 413 913 470; x_wconf 83' lang='grc'>37.</span> <span class='ocrx_word' id='word_1_5' title='bbox 937 413 989 470; x_wconf 83' lang='lat'>38.</span> 
     </span>
    </p>
   </div>
   <div class='ocr_carea' id='block_1_2' title="bbox 130 556 1355 2280">
    <p class='ocr_par' dir='ltr' id='par_1_2' title="bbox 164 556 1312 849">
     <span class='ocr_line' id='line_1_2' title="bbox 164 556 1311 645; baseline -0.003 -23"><span class='ocrx_word' id='word_1_6' title='bbox 164 560 266 644; x_wconf 85' lang='lat' dir='ltr'>igitur</span> <span class='ocrx_word' id='word_1_7' title='bbox 288 557 445 622; x_wconf 89' lang='lat' dir='ltr'>salutaria</span> <span class='ocrx_word' id='word_1_8' title='bbox 471 559 605 622; x_wconf 90' lang='lat' dir='ltr'>numina</span> <span class='ocrx_word' id='word_1_9' title='bbox 632 558 841 624; x_wconf 88' lang='lat' dir='ltr'>conuolamus</span> <span class='ocrx_word' id='word_1_10' title='bbox 876 567 909 622; x_wconf 91' lang='lat' dir='ltr'>et</span> <span class='ocrx_word' id='word_1_11' title='bbox 931 579 1025 645; x_wconf 89' lang='lat' dir='ltr'>opem</span> <span class='ocrx_word' id='word_1_12' title='bbox 1048 556 1172 641; x_wconf 84' lang='lat' dir='ltr'>largam</span> <span class='ocrx_word' id='word_1_13' title='bbox 1196 557 1311 643; x_wconf 93' lang='lat' dir='ltr'>populi</span> 
     </span>
     <span class='ocr_line' id='line_1_3' title="bbox 165 658 1312 746; baseline -0.003 -22"><span class='ocrx_word' id='word_1_14' title='bbox 165 661 302 726; x_wconf 88' lang='lat' dir='ltr'>Romani</span> <span class='ocrx_word' id='word_1_15' title='bbox 331 661 541 746; x_wconf 84' lang='lat' dir='ltr'><strong>imploramus</strong></span> <span class='ocrx_word' id='word_1_16' title='bbox 574 662 715 745; x_wconf 91' lang='lat' dir='ltr'>aerario,</span> <span class='ocrx_word' id='word_1_17' title='bbox 748 683 822 724; x_wconf 90' lang='lat' dir='ltr'>cum</span> <span class='ocrx_word' id='word_1_18' title='bbox 850 661 915 724; x_wconf 90' lang='lat' dir='ltr'>iam</span> <span class='ocrx_word' id='word_1_19' title='bbox 944 661 1000 724; x_wconf 91' lang='lat' dir='ltr'>diu</span> <span class='ocrx_word' id='word_1_20' title='bbox 1028 659 1112 728; x_wconf 82' lang='lat' dir='ltr'>nihil</span> <span class='ocrx_word' id='word_1_21' title='bbox 1141 658 1312 723; x_wconf 90' lang='lat' dir='ltr'>solitorum</span> 
     </span>
     <span class='ocr_line' id='line_1_4' title="bbox 165 762 1312 849; baseline -0.002 -22"><span class='ocrx_word' id='word_1_22' title='bbox 165 764 374 847; x_wconf 86' lang='lat' dir='ltr'>uectigalium</span> <span class='ocrx_word' id='word_1_23' title='bbox 390 765 539 827; x_wconf 76' lang='lat' dir='ltr'>decretae</span> <span class='ocrx_word' id='word_1_24' title='bbox 554 764 742 849; x_wconf 89' lang='lat' dir='ltr'>prouinciae</span> <span class='ocrx_word' id='word_1_25' title='bbox 758 762 973 828; x_wconf 88' lang='lat' dir='ltr'>contulerunt.</span> <span class='ocrx_word' id='word_1_26' title='bbox 1007 771 1105 848; x_wconf 91' lang='lat' dir='ltr'>atque</span> <span class='ocrx_word' id='word_1_27' title='bbox 1118 762 1191 825; x_wconf 89' lang='lat' dir='ltr'>ideo</span> <span class='ocrx_word' id='word_1_28' title='bbox 1204 762 1312 825; x_wconf 84' lang='lat' dir='ltr'>iustus</span> 
     </span>
    </p>

    <p class='ocr_par' dir='ltr' id='par_1_3' title="bbox 130 852 1340 1464">
     <span class='ocr_line' id='line_1_5' title="bbox 130 852 1312 947; baseline -0.004 -17"><span class='ocrx_word' id='word_1_29' title='bbox 130 920 133 922; x_wconf 87' lang='lat'>.</span> <span class='ocrx_word' id='word_1_30' title='bbox 165 878 215 931; x_wconf 87' lang='lat' dir='ltr'>est</span> <span class='ocrx_word' id='word_1_31' title='bbox 240 852 368 947; x_wconf 86' lang='lat' dir='ltr'>metus,</span> <span class='ocrx_word' id='word_1_32' title='bbox 402 888 443 928; x_wconf 91' lang='lat' dir='ltr'>ne</span> <span class='ocrx_word' id='word_1_33' title='bbox 475 866 678 929; x_wconf 83' lang='lat' dir='ltr'>cessantibus</span> <span class='ocrx_word' id='word_1_34' title='bbox 707 864 865 930; x_wconf 88' lang='lat' dir='ltr'>subsidiis</span> <span class='ocrx_word' id='word_1_35' title='bbox 894 866 1079 929; x_wconf 89' lang='lat' dir='ltr'>necessaria</span> <span class='ocrx_word' id='word_1_36' title='bbox 1107 863 1312 943; x_wconf 90' lang='lat' dir='ltr'>deserantur,</span> 
     </span>
     <span class='ocr_line' id='line_1_6' title="bbox 165 967 1340 1058; baseline -0.002 -26"><span class='ocrx_word' id='word_1_37' title='bbox 165 988 247 1055; x_wconf 90' lang='lat' dir='ltr'>quae</span> <span class='ocrx_word' id='word_1_38' title='bbox 269 969 424 1032; x_wconf 88' lang='lat' dir='ltr'>hactenus</span> <span class='ocrx_word' id='word_1_39' title='bbox 447 989 606 1053; x_wconf 83' lang='lat' dir='ltr'>personae</span> <span class='ocrx_word' id='word_1_40' title='bbox 629 975 743 1031; x_wconf 90' lang='lat' dir='ltr'>tenues</span> <span class='ocrx_word' id='word_1_41' title='bbox 766 968 872 1034; x_wconf 88' lang='lat' dir='ltr'>alieno</span> <span class='ocrx_word' id='word_1_42' title='bbox 888 989 964 1031; x_wconf 89' lang='lat' dir='ltr'>aere</span> <span class='ocrx_word' id='word_1_43' title='bbox 980 967 1170 1058; x_wconf 77' lang='lat' dir='ltr'>tolerarunt.</span> <span class='ocrx_word' id='word_1_44' title='bbox 1209 987 1340 1051; x_wconf 84' lang='lat' dir='ltr'>supers</span> 
     </span>
     <span class='ocr_line' id='line_1_7' title="bbox 165 1068 1316 1156; baseline -0.003 -22"><span class='ocrx_word' id='word_1_45' title='bbox 165 1072 225 1136; x_wconf 89' lang='lat' dir='ltr'>hoc</span> <span class='ocrx_word' id='word_1_46' title='bbox 254 1071 352 1134; x_wconf 88' lang='lat' dir='ltr'>etiam</span> <span class='ocrx_word' id='word_1_47' title='bbox 385 1069 584 1133; x_wconf 87' lang='lat' dir='ltr'>reuerendus</span> <span class='ocrx_word' id='word_1_48' title='bbox 620 1068 698 1133; x_wconf 90' lang='lat' dir='ltr'>ordo</span> <span class='ocrx_word' id='word_1_49' title='bbox 727 1070 895 1134; x_wconf 89' lang='lat' dir='ltr'>consultus</span> <span class='ocrx_word' id='word_1_50' title='bbox 929 1092 1001 1134; x_wconf 89' lang='lat' dir='ltr'>cum</span> <span class='ocrx_word' id='word_1_51' title='bbox 1029 1091 1087 1156; x_wconf 89' lang='lat' dir='ltr'>per</span> <span class='ocrx_word' id='word_1_52' title='bbox 1122 1090 1157 1132; x_wconf 91' lang='lat' dir='ltr'>se</span> <span class='ocrx_word' id='word_1_53' title='bbox 1186 1068 1316 1138; x_wconf 89' lang='lat' dir='ltr'>mederi</span> 
     </span>
     <span class='ocr_line' id='line_1_8' title="bbox 165 1171 1316 1259; baseline -0.004 -22"><span class='ocrx_word' id='word_1_54' title='bbox 165 1173 291 1238; x_wconf 87' lang='lat' dir='ltr'>affectis</span> <span class='ocrx_word' id='word_1_55' title='bbox 324 1173 421 1237; x_wconf 90' lang='lat' dir='ltr'>rebus</span> <span class='ocrx_word' id='word_1_56' title='bbox 455 1173 620 1258; x_wconf 89' lang='lat' dir='ltr'>nequiret,</span> <span class='ocrx_word' id='word_1_57' title='bbox 656 1193 750 1259; x_wconf 94' lang='lat' dir='ltr'>opem</span> <span class='ocrx_word' id='word_1_58' title='bbox 782 1181 912 1237; x_wconf 87' lang='lat' dir='ltr'>uestrae</span> <span class='ocrx_word' id='word_1_59' title='bbox 944 1171 1158 1259; x_wconf 86' lang='lat' dir='ltr'>perennitatis</span> <span class='ocrx_word' id='word_1_60' title='bbox 1193 1171 1316 1234; x_wconf 88' lang='lat' dir='ltr'>orauit.</span> 
     </span>
     <span class='ocr_line' id='line_1_9' title="bbox 167 1271 1317 1361; baseline -0.005 -21"><span class='ocrx_word' id='word_1_61' title='bbox 167 1277 256 1340; x_wconf 90' lang='lat' dir='ltr'>edita</span> <span class='ocrx_word' id='word_1_62' title='bbox 271 1276 354 1338; x_wconf 91' lang='lat' dir='ltr'>ratio</span> <span class='ocrx_word' id='word_1_63' title='bbox 371 1283 418 1338; x_wconf 88' lang='lat' dir='ltr'>est</span> <span class='ocrx_word' id='word_1_64' title='bbox 429 1274 650 1359; x_wconf 89' lang='lat' dir='ltr'>uectigalium,</span> <span class='ocrx_word' id='word_1_65' title='bbox 668 1297 750 1361; x_wconf 89' lang='lat' dir='ltr'>quae</span> <span class='ocrx_word' id='word_1_66' title='bbox 763 1275 993 1360; x_wconf 88' lang='lat' dir='ltr'>Hispaniensis</span> <span class='ocrx_word' id='word_1_67' title='bbox 1005 1284 1103 1361; x_wconf 90' lang='lat' dir='ltr'>atque</span> <span class='ocrx_word' id='word_1_68' title='bbox 1115 1271 1317 1338; x_wconf 86' lang='lat' dir='ltr'>Alexandri-</span> 
     </span>
     <span class='ocr_line' id='line_1_10' title="bbox 165 1374 1316 1464; baseline -0.003 -23"><span class='ocrx_word' id='word_1_69' title='bbox 165 1400 225 1442; x_wconf 94' lang='lat' dir='ltr'>nus</span> <span class='ocrx_word' id='word_1_70' title='bbox 247 1377 402 1441; x_wconf 88' lang='lat' dir='ltr'>inuehere</span> <span class='ocrx_word' id='word_1_71' title='bbox 424 1377 538 1443; x_wconf 88' lang='lat' dir='ltr'>debuit</span> <span class='ocrx_word' id='word_1_72' title='bbox 560 1386 767 1444; x_wconf 86' lang='lat' dir='ltr'>commeatus.</span> <span class='ocrx_word' id='word_1_73' title='bbox 805 1379 1038 1464; x_wconf 86' lang='lat' dir='ltr'>expensionum</span> <span class='ocrx_word' id='word_1_74' title='bbox 1054 1397 1184 1463; x_wconf 88' lang='lat' dir='ltr'>quoque</span> <span class='ocrx_word' id='word_1_75' title='bbox 1197 1374 1316 1439; x_wconf 84' lang='lat' dir='ltr'>titulos</span> 
     </span>
    </p>

    <p class='ocr_par' dir='ltr' id='par_1_4' title="bbox 132 1477 1355 2280">
     <span class='ocr_line' id='line_1_11' title="bbox 132 1477 1355 1566; baseline 0.002 -23"><span class='ocrx_word' id='word_1_76' title='bbox 132 1497 147 1543; x_wconf 88' lang='lat'>3</span> <span class='ocrx_word' id='word_1_77' title='bbox 166 1488 384 1566; x_wconf 88' lang='lat' dir='ltr'>competentes</span> <span class='ocrx_word' id='word_1_78' title='bbox 407 1501 485 1543; x_wconf 91' lang='lat' dir='ltr'>cura</span> <span class='ocrx_word' id='word_1_79' title='bbox 508 1479 654 1563; x_wconf 88' lang='lat' dir='ltr'>digessit.</span> <span class='ocrx_word' id='word_1_80' title='bbox 700 1501 836 1566; x_wconf 80' lang='lat' dir='ltr'>quaeso,</span> <span class='ocrx_word' id='word_1_81' title='bbox 859 1489 897 1544; x_wconf 92' lang='lat' dir='ltr'>ut</span> <span class='ocrx_word' id='word_1_82' title='bbox 912 1480 1072 1560; x_wconf 87' lang='lat' dir='ltr'>omnibus,</span> <span class='ocrx_word' id='word_1_83' title='bbox 1095 1500 1178 1564; x_wconf 90' lang='lat' dir='ltr'>quae</span> <span class='ocrx_word' id='word_1_84' title='bbox 1194 1477 1314 1542; x_wconf 86' lang='lat' dir='ltr'>cohae-</span> <span class='ocrx_word' id='word_1_85' title='bbox 1331 1508 1355 1546; x_wconf 86' lang='lat'>10</span> 
     </span>
     <span class='ocr_line' id='line_1_12' title="bbox 166 1580 1315 1674; baseline -0.002 -29"><span class='ocrx_word' id='word_1_86' title='bbox 166 1591 247 1666; x_wconf 91' lang='lat' dir='ltr'>rent,</span> <span class='ocrx_word' id='word_1_87' title='bbox 270 1582 411 1646; x_wconf 86' lang='lat' dir='ltr'>libenter</span> <span class='ocrx_word' id='word_1_88' title='bbox 432 1583 600 1674; x_wconf 16' lang='lat' dir='ltr'>inspectis,</span> <span class='ocrx_word' id='word_1_89' title='bbox 612 1580 748 1646; x_wconf 88' lang='lat' dir='ltr'>utilitati</span> <span class='ocrx_word' id='word_1_90' title='bbox 762 1582 912 1669; x_wconf 86' lang='lat' dir='ltr'>publicae</span> <span class='ocrx_word' id='word_1_91' title='bbox 926 1581 1025 1647; x_wconf 88' lang='lat' dir='ltr'>uelox</span> <span class='ocrx_word' id='word_1_92' title='bbox 1039 1582 1221 1650; x_wconf 81' lang='lat' dir='ltr'>remedium</span> <span class='ocrx_word' id='word_1_93' title='bbox 1238 1602 1315 1665; x_wconf 94' lang='lat' dir='ltr'>por-</span> 
     </span>
     <span class='ocr_line' id='line_1_13' title="bbox 165 1682 1317 1770; baseline -0.001 -22"><span class='ocrx_word' id='word_1_94' title='bbox 165 1687 296 1769; x_wconf 75' lang='lat' dir='ltr'>rigatis,</span> <span class='ocrx_word' id='word_1_95' title='bbox 334 1684 525 1767; x_wconf 88' lang='lat' dir='ltr'>urgentibus</span> <span class='ocrx_word' id='word_1_96' title='bbox 563 1685 650 1747; x_wconf 92' lang='lat' dir='ltr'>enim</span> <span class='ocrx_word' id='word_1_97' title='bbox 684 1687 789 1749; x_wconf 87' lang='lat' dir='ltr'>causis</span> <span class='ocrx_word' id='word_1_98' title='bbox 823 1687 936 1770; x_wconf 83' lang='lat' dir='ltr'>negari</span> <span class='ocrx_word' id='word_1_99' title='bbox 969 1706 1034 1749; x_wconf 92' lang='lat' dir='ltr'>non</span> <span class='ocrx_word' id='word_1_100' title='bbox 1067 1693 1174 1770; x_wconf 90' lang='lat' dir='ltr'>potest</span> <span class='ocrx_word' id='word_1_101' title='bbox 1207 1682 1317 1747; x_wconf 90' lang='lat' dir='ltr'>illatio</span> 
     </span>
     <span class='ocr_line' id='line_1_14' title="bbox 166 1785 1315 1873; baseline -0.003 -23"><span class='ocrx_word' id='word_1_102' title='bbox 166 1786 353 1872; x_wconf 90' lang='lat' dir='ltr'>sollempnis</span> <span class='ocrx_word' id='word_1_103' title='bbox 383 1786 552 1872; x_wconf 90' lang='lat' dir='ltr'>impendii.</span> <span class='ocrx_word' id='word_1_104' title='bbox 597 1807 696 1872; x_wconf 91' lang='lat' dir='ltr'>quare</span> <span class='ocrx_word' id='word_1_105' title='bbox 718 1787 817 1870; x_wconf 87' lang='lat' dir='ltr'>ferte,</span> <span class='ocrx_word' id='word_1_106' title='bbox 844 1797 882 1851; x_wconf 89' lang='lat' dir='ltr'>ut</span> <span class='ocrx_word' id='word_1_107' title='bbox 905 1787 1032 1869; x_wconf 88' lang='lat' dir='ltr'>soletis,</span> <span class='ocrx_word' id='word_1_108' title='bbox 1061 1785 1196 1873; x_wconf 91' lang='lat' dir='ltr'>propitii</span> <span class='ocrx_word' id='word_1_109' title='bbox 1220 1786 1315 1849; x_wconf 89' lang='lat' dir='ltr'>auxi·</span> 
     </span>
     <span class='ocr_line' id='line_1_15' title="bbox 167 1887 1315 1976; baseline -0.002 -24"><span class='ocrx_word' id='word_1_110' title='bbox 167 1891 246 1952; x_wconf 91' lang='lat' dir='ltr'>lium</span> <span class='ocrx_word' id='word_1_111' title='bbox 281 1898 313 1952; x_wconf 87' lang='lat' dir='ltr'>et</span> <span class='ocrx_word' id='word_1_112' title='bbox 343 1890 398 1974; x_wconf 93' lang='lat' dir='ltr'>qui</span> <span class='ocrx_word' id='word_1_113' title='bbox 425 1889 588 1953; x_wconf 88' lang='lat' dir='ltr'>mentibus</span> <span class='ocrx_word' id='word_1_114' title='bbox 621 1890 685 1974; x_wconf 91' lang='lat' dir='ltr'>piis</span> <span class='ocrx_word' id='word_1_115' title='bbox 714 1911 800 1954; x_wconf 90' lang='lat' dir='ltr'>noua</span> <span class='ocrx_word' id='word_1_116' title='bbox 827 1891 947 1976; x_wconf 92' lang='lat' dir='ltr'>populo</span> <span class='ocrx_word' id='word_1_117' title='bbox 974 1889 1121 1953; x_wconf 88' lang='lat' dir='ltr'>Romano</span> <span class='ocrx_word' id='word_1_118' title='bbox 1150 1887 1315 1951; x_wconf 87' lang='lat' dir='ltr'>beneficia</span> 
     </span>
     <span class='ocr_line' id='line_1_16' title="bbox 166 1991 1352 2077; baseline 0.002 -23"><span class='ocrx_word' id='word_1_119' title='bbox 166 1991 301 2055; x_wconf 87' lang='lat' dir='ltr'>defertis</span> <span class='ocrx_word' id='word_1_120' title='bbox 336 1995 448 2057; x_wconf 88' lang='lat' dir='ltr'>etiam</span> <span class='ocrx_word' id='word_1_121' title='bbox 469 1993 576 2077; x_wconf 88' lang='lat' dir='ltr'>prisca</span> <span class='ocrx_word' id='word_1_122' title='bbox 606 1999 748 2071; x_wconf 87' lang='lat' dir='ltr'>seruate,</span> <span class='ocrx_word' id='word_1_123' title='bbox 783 1999 881 2077; x_wconf 89' lang='lat' dir='ltr'>atque</span> <span class='ocrx_word' id='word_1_124' title='bbox 907 1992 982 2055; x_wconf 93' lang='lat' dir='ltr'>urbi</span> <span class='ocrx_word' id='word_1_125' title='bbox 1010 2002 1139 2056; x_wconf 87' lang='lat' dir='ltr'>uestrae</span> <span class='ocrx_word' id='word_1_126' title='bbox 1166 2010 1314 2053; x_wconf 88' lang='lat' dir='ltr'>annuere</span> <span class='ocrx_word' id='word_1_127' title='bbox 1328 2017 1352 2056; x_wconf 90' lang='lat'>15</span> 
     </span>
     <span class='ocr_line' id='line_1_17' title="bbox 165 2091 1315 2179; baseline -0.002 -23"><span class='ocrx_word' id='word_1_128' title='bbox 165 2094 345 2178; x_wconf 84' lang='lat' dir='ltr'>dignemini</span> <span class='ocrx_word' id='word_1_129' title='bbox 368 2102 400 2158; x_wconf 86' lang='lat' dir='ltr'>et</span> <span class='ocrx_word' id='word_1_130' title='bbox 423 2094 508 2179; x_wconf 91' lang='lat' dir='ltr'>quod</span> <span class='ocrx_word' id='word_1_131' title='bbox 531 2094 773 2178; x_wconf 86' lang='lat' dir='ltr'>praetermissio</span> <span class='ocrx_word' id='word_1_132' title='bbox 795 2095 973 2179; x_wconf 88' lang='lat' dir='ltr'>praeterita</span> <span class='ocrx_word' id='word_1_133' title='bbox 987 2094 1160 2179; x_wconf 86' lang='lat' dir='ltr'>suspendit</span> <span class='ocrx_word' id='word_1_134' title='bbox 1175 2100 1208 2156; x_wconf 92' lang='lat' dir='ltr'>et</span> <span class='ocrx_word' id='word_1_135' title='bbox 1224 2091 1315 2176; x_wconf 88' lang='lat' dir='ltr'>quod</span> 
     </span>
     <span class='ocr_line' id='line_1_18' title="bbox 165 2197 578 2280; baseline 0.01 -22"><span class='ocrx_word' id='word_1_136' title='bbox 165 2197 294 2261; x_wconf 89' lang='lat' dir='ltr'>futurus</span> <span class='ocrx_word' id='word_1_137' title='bbox 317 2219 395 2260; x_wconf 93' lang='lat' dir='ltr'>usus</span> <span class='ocrx_word' id='word_1_138' title='bbox 419 2205 578 2280; x_wconf 84' lang='lat' dir='ltr'>expectat.</span> 
     </span>
    </p>
   </div>
   <div class='ocr_carea' id='block_1_3' title="bbox 599 2425 876 2490">
    <p class='ocr_par' dir='ltr' id='par_1_5' title="bbox 599 2425 876 2490">
     <span class='ocr_line' id='line_1_19' title="bbox 599 2425 876 2490; baseline -0.004 -1"><span class='ocrx_word' id='word_1_139' title='bbox 599 2425 801 2489; x_wconf 83' lang='lat' dir='ltr'><strong>RELATIO</strong></span> <span class='ocrx_word' id='word_1_140' title='bbox 823 2425 876 2490; x_wconf 87' lang='lat'>38.</span> 
     </span>
    </p>
   </div>
   <div class='ocr_carea' id='block_1_4' title="bbox 59 2559 1364 3568">
    <p class='ocr_par' dir='ltr' id='par_1_6' title="bbox 165 2559 1353 2853">
     <span class='ocr_line' id='line_1_20' title="bbox 251 2559 1313 2646; baseline -0.002 -22"><span class='ocrx_word' id='word_1_141' title='bbox 251 2561 291 2624; x_wconf 91' lang='lat' dir='ltr'>In</span> <span class='ocrx_word' id='word_1_142' title='bbox 311 2561 449 2646; x_wconf 87' lang='lat' dir='ltr'>negotiis</span> <span class='ocrx_word' id='word_1_143' title='bbox 471 2568 617 2645; x_wconf 87' lang='lat' dir='ltr'>tempore</span> <span class='ocrx_word' id='word_1_144' title='bbox 638 2583 676 2624; x_wconf 90' lang='lat' dir='ltr'>ac</span> <span class='ocrx_word' id='word_1_145' title='bbox 698 2560 897 2624; x_wconf 90' lang='lat' dir='ltr'>iudicatione</span> <span class='ocrx_word' id='word_1_146' title='bbox 912 2559 1013 2623; x_wconf 91' lang='lat' dir='ltr'>finitis</span> <span class='ocrx_word' id='word_1_147' title='bbox 1030 2580 1154 2623; x_wconf 84' lang='lat' dir='ltr'>cessare</span> <span class='ocrx_word' id='word_1_148' title='bbox 1169 2580 1313 2644; x_wconf 88' lang='lat' dir='ltr'>aequum</span> 
     </span>
     <span class='ocr_line' id='line_1_21' title="bbox 166 2661 1353 2749; baseline -0.008 -20"><span class='ocrx_word' id='word_1_149' title='bbox 166 2675 216 2729; x_wconf 88' lang='lat' dir='ltr'>est</span> <span class='ocrx_word' id='word_1_150' title='bbox 238 2666 353 2749; x_wconf 86' lang='lat' dir='ltr'>longae</span> <span class='ocrx_word' id='word_1_151' title='bbox 375 2663 533 2728; x_wconf 89' lang='lat' dir='ltr'>orationis</span> <span class='ocrx_word' id='word_1_152' title='bbox 557 2684 741 2745; x_wconf 87' lang='lat' dir='ltr'>excursum,</span> <span class='ocrx_word' id='word_1_153' title='bbox 764 2676 805 2724; x_wconf 86' lang='lat' dir='ltr'>ne</span> <span class='ocrx_word' id='word_1_154' title='bbox 828 2671 859 2726; x_wconf 90' lang='lat' dir='ltr'>et</span> <span class='ocrx_word' id='word_1_155' title='bbox 874 2662 1015 2726; x_wconf 90' lang='lat' dir='ltr'>numinis</span> <span class='ocrx_word' id='word_1_156' title='bbox 1030 2661 1131 2725; x_wconf 89' lang='lat' dir='ltr'>uestri</span> <span class='ocrx_word' id='word_1_157' title='bbox 1148 2661 1311 2725; x_wconf 89' lang='lat' dir='ltr'>salutares</span> <span class='ocrx_word' id='word_1_158' title='bbox 1326 2679 1353 2720; x_wconf 79' lang='lat' dir='ltr'>ao</span> 
     </span>
     <span class='ocr_line' id='line_1_22' title="bbox 165 2763 1312 2853; baseline -0.003 -22"><span class='ocrx_word' id='word_1_159' title='bbox 165 2783 256 2833; x_wconf 88' lang='lat' dir='ltr'>actus</span> <span class='ocrx_word' id='word_1_160' title='bbox 280 2774 392 2853; x_wconf 89' lang='lat' dir='ltr'>oneret</span> <span class='ocrx_word' id='word_1_161' title='bbox 414 2787 519 2829; x_wconf 91' lang='lat' dir='ltr'>sermo</span> <span class='ocrx_word' id='word_1_162' title='bbox 542 2765 700 2852; x_wconf 85' lang='lat' dir='ltr'>prolixior</span> <span class='ocrx_word' id='word_1_163' title='bbox 722 2774 755 2828; x_wconf 90' lang='lat' dir='ltr'>et</span> <span class='ocrx_word' id='word_1_164' title='bbox 776 2765 845 2828; x_wconf 89' lang='lat' dir='ltr'>sine</span> <span class='ocrx_word' id='word_1_165' title='bbox 866 2773 1059 2848; x_wconf 85' lang='lat' dir='ltr'>argumento</span> <span class='ocrx_word' id='word_1_166' title='bbox 1075 2786 1181 2828; x_wconf 89' lang='lat' dir='ltr'>rerum</span> <span class='ocrx_word' id='word_1_167' title='bbox 1198 2763 1312 2850; x_wconf 91' lang='lat' dir='ltr'>loqua-</span> 
     </span>
    </p>

    <p class='ocr_par' dir='ltr' id='par_1_7' title="bbox 132 2865 1314 3166">
     <span class='ocr_line' id='line_1_23' title="bbox 132 2865 1314 2955; baseline -0.002 -21"><span class='ocrx_word' id='word_1_168' title='bbox 132 2873 247 2934; x_wconf 76' lang='lat' dir='ltr'>acitas</span> <span class='ocrx_word' id='word_1_169' title='bbox 270 2891 397 2934; x_wconf 88' lang='lat' dir='ltr'>morosa</span> <span class='ocrx_word' id='word_1_170' title='bbox 421 2868 611 2954; x_wconf 86' lang='lat' dir='ltr'>displiceat,</span> <span class='ocrx_word' id='word_1_171' title='bbox 635 2867 715 2931; x_wconf 87' lang='lat' dir='ltr'>ddd.</span> <span class='ocrx_word' id='word_1_172' title='bbox 736 2868 859 2955; x_wconf 91' lang='lat' dir='ltr'>imppp.</span> <span class='ocrx_word' id='word_1_173' title='bbox 897 2890 971 2932; x_wconf 90' lang='lat' dir='ltr'>cum</span> <span class='ocrx_word' id='word_1_174' title='bbox 1000 2868 1035 2932; x_wconf 92' lang='lat' dir='ltr'>in</span> <span class='ocrx_word' id='word_1_175' title='bbox 1057 2865 1180 2931; x_wconf 84' lang='lat' dir='ltr'>iudicio</span> <span class='ocrx_word' id='word_1_176' title='bbox 1201 2865 1314 2932; x_wconf 86' lang='lat' dir='ltr'>mode·</span> 
     </span>
     <span class='ocr_line' id='line_1_24' title="bbox 167 2968 1313 3057; baseline -0.003 -21"><span class='ocrx_word' id='word_1_177' title='bbox 167 2974 282 3037; x_wconf 90' lang='lat' dir='ltr'>ratoris</span> <span class='ocrx_word' id='word_1_178' title='bbox 305 2970 407 3057; x_wconf 88' lang='lat' dir='ltr'>Apuli</span> <span class='ocrx_word' id='word_1_179' title='bbox 434 2972 519 3035; x_wconf 86' lang='lat' dir='ltr'>inter</span> <span class='ocrx_word' id='word_1_180' title='bbox 541 2968 746 3050; x_wconf 88' lang='lat' dir='ltr'>Marcellum,</span> <span class='ocrx_word' id='word_1_181' title='bbox 776 2972 831 3056; x_wconf 92' lang='lat' dir='ltr'>qui</span> <span class='ocrx_word' id='word_1_182' title='bbox 861 2993 895 3034; x_wconf 90' lang='lat' dir='ltr'>se</span> <span class='ocrx_word' id='word_1_183' title='bbox 918 2970 1081 3034; x_wconf 89' lang='lat' dir='ltr'>deiectum</span> <span class='ocrx_word' id='word_1_184' title='bbox 1104 2970 1313 3055; x_wconf 89' lang='lat' dir='ltr'>possessione</span> 
     </span>
     <span class='ocr_line' id='line_1_25' title="bbox 168 3071 1312 3166; baseline -0.002 -28"><span class='ocrx_word' id='word_1_185' title='bbox 168 3083 300 3161; x_wconf 89' lang='lat' dir='ltr'>questus</span> <span class='ocrx_word' id='word_1_186' title='bbox 324 3083 383 3155; x_wconf 88' lang='lat' dir='ltr'>est,</span> <span class='ocrx_word' id='word_1_187' title='bbox 407 3075 549 3159; x_wconf 88' lang='lat' dir='ltr'>itemque</span> <span class='ocrx_word' id='word_1_188' title='bbox 564 3072 762 3137; x_wconf 88' lang='lat' dir='ltr'>Uenantium</span> <span class='ocrx_word' id='word_1_189' title='bbox 786 3080 968 3155; x_wconf 84' lang='lat' dir='ltr'>stratorem,</span> <span class='ocrx_word' id='word_1_190' title='bbox 992 3081 1028 3136; x_wconf 92' lang='lat' dir='ltr'>ut</span> <span class='ocrx_word' id='word_1_191' title='bbox 1043 3071 1312 3166; x_wconf 26' lang='lat' dir='ltr'>ipsenconfirmat,</span> 
     </span>
    </p>

    <p class='ocr_par' dir='ltr' id='par_1_8' title="bbox 59 3174 1355 3363">
     <span class='ocr_line' id='line_1_26' title="bbox 59 3174 1355 3263; baseline -0.005 -19"><span class='ocrx_word' id='word_1_192' title='bbox 59 3241 61 3244; x_wconf 77' lang='grc'>,</span> <span class='ocrx_word' id='word_1_193' title='bbox 152 3179 299 3263; x_wconf 53' lang='grc' dir='ltr'>κθὶιιειῳιθ</span> <span class='ocrx_word' id='word_1_194' title='bbox 314 3197 501 3260; x_wconf 88' lang='lat' dir='ltr'>germanam</span> <span class='ocrx_word' id='word_1_195' title='bbox 518 3174 722 3240; x_wconf 89' lang='lat' dir='ltr'>Batrachiam</span> <span class='ocrx_word' id='word_1_196' title='bbox 739 3195 838 3238; x_wconf 89' lang='lat' dir='ltr'>causa</span> <span class='ocrx_word' id='word_1_197' title='bbox 852 3175 1029 3238; x_wconf 90' lang='lat' dir='ltr'>uiolentiae</span> <span class='ocrx_word' id='word_1_198' title='bbox 1044 3174 1218 3255; x_wconf 87' lang='lat' dir='ltr'>diceretur,</span> <span class='ocrx_word' id='word_1_199' title='bbox 1234 3196 1311 3258; x_wconf 94' lang='lat' dir='ltr'>pro·</span> <span class='ocrx_word' id='word_1_200' title='bbox 1327 3198 1355 3238; x_wconf 84' lang='lat'>25</span> 
     </span>
     <span class='ocr_line' id='line_1_27' title="bbox 166 3276 1314 3363; baseline -0.001 -21"><span class='ocrx_word' id='word_1_201' title='bbox 166 3281 293 3344; x_wconf 90' lang='lat' dir='ltr'>uocatio</span> <span class='ocrx_word' id='word_1_202' title='bbox 317 3301 337 3342; x_wconf 90' lang='lat' dir='ltr'>a</span> <span class='ocrx_word' id='word_1_203' title='bbox 357 3280 422 3342; x_wconf 89' lang='lat' dir='ltr'>reis</span> <span class='ocrx_word' id='word_1_204' title='bbox 438 3277 622 3343; x_wconf 90' lang='lat' dir='ltr'>inconsulta</span> <span class='ocrx_word' id='word_1_205' title='bbox 637 3277 808 3362; x_wconf 84' lang='lat' dir='ltr'>processit,</span> <span class='ocrx_word' id='word_1_206' title='bbox 832 3277 918 3361; x_wconf 92' lang='lat' dir='ltr'>quod</span> <span class='ocrx_word' id='word_1_207' title='bbox 934 3276 1145 3363; x_wconf 85' lang='lat' dir='ltr'>prouincialis</span> <span class='ocrx_word' id='word_1_208' title='bbox 1161 3277 1314 3360; x_wconf 86' lang='lat' dir='ltr'>cognitor</span> 
     </span>
    </p>

    <p class='ocr_par' dir='ltr' id='par_1_9' title="bbox 79 3380 1364 3568">
     <span class='ocr_line' id='line_1_28' title="bbox 79 3380 1364 3468; baseline -0.002 -23"><span class='ocrx_word' id='word_1_209' title='bbox 79 3424 81 3428; x_wconf 93' lang='lat'>-</span> <span class='ocrx_word' id='word_1_210' title='bbox 165 3383 336 3468; x_wconf 88' lang='lat' dir='ltr'>promissis</span> <span class='ocrx_word' id='word_1_211' title='bbox 358 3381 477 3447; x_wconf 89' lang='lat' dir='ltr'>litteris</span> <span class='ocrx_word' id='word_1_212' title='bbox 500 3380 542 3443; x_wconf 90' lang='lat' dir='ltr'>ad</span> <span class='ocrx_word' id='word_1_213' title='bbox 558 3381 721 3443; x_wconf 86' lang='lat' dir='ltr'>¹uicariam</span> <span class='ocrx_word' id='word_1_214' title='bbox 742 3388 935 3465; x_wconf 88' lang='lat' dir='ltr'>potestatem</span> <span class='ocrx_word' id='word_1_215' title='bbox 952 3389 1139 3466; x_wconf 89' lang='lat' dir='ltr'>susceptum</span> <span class='ocrx_word' id='word_1_216' title='bbox 1154 3382 1315 3444; x_wconf 84' lang='lat' dir='ltr'>retineret</span> <span class='ocrx_word' id='word_1_217' title='bbox 1361 3462 1364 3466; x_wconf 92' lang='lat'>.</span> 
     </span>
     <span class='ocr_line' id='line_1_29' title="bbox 167 3481 1314 3568; baseline -0.003 -19"><span class='ocrx_word' id='word_1_218' title='bbox 167 3507 314 3549; x_wconf 85' lang='lat' dir='ltr'>examen.</span> <span class='ocrx_word' id='word_1_219' title='bbox 366 3495 442 3549; x_wconf 91' lang='lat' dir='ltr'>tunc</span> <span class='ocrx_word' id='word_1_220' title='bbox 475 3482 630 3548; x_wconf 90' lang='lat' dir='ltr'>auditorii</span> <span class='ocrx_word' id='word_1_221' title='bbox 665 3482 749 3547; x_wconf 91' lang='lat' dir='ltr'>sacri</span> <span class='ocrx_word' id='word_1_222' title='bbox 781 3481 882 3546; x_wconf 90' lang='lat' dir='ltr'>iudex</span> <span class='ocrx_word' id='word_1_223' title='bbox 914 3485 1050 3547; x_wconf 88' lang='lat' dir='ltr'>rectoris</span> <span class='ocrx_word' id='word_1_224' title='bbox 1083 3483 1183 3547; x_wconf 87' lang='lat' dir='ltr'>affatu</span> <span class='ocrx_word' id='word_1_225' title='bbox 1212 3504 1314 3568; x_wconf 91' lang='lat' dir='ltr'>super</span> 
     </span>
    </p>
   </div>
   <div class='ocr_carea' id='block_1_5' title="bbox 166 3754 1315 4530">
    <p class='ocr_par' dir='ltr' id='par_1_10' title="bbox 166 3754 1315 4530">
     <span class='ocr_line' id='line_1_30' title="bbox 242 3754 1314 3854; baseline 0.001 -15"><span class='ocrx_word' id='word_1_226' title='bbox 242 3794 353 3854; x_wconf 75' lang='lat' dir='ltr'>lprT</span> <span class='ocrx_word' id='word_1_227' title='bbox 422 3787 599 3840; x_wconf 63' lang='lat' dir='ltr'>isolitorum</span> <span class='ocrx_word' id='word_1_228' title='bbox 622 3785 693 3837; x_wconf 87' lang='lat' dir='ltr'>nihil</span> <span class='ocrx_word' id='word_1_229' title='bbox 714 3754 775 3838; x_wconf 78' lang='lat' dir='ltr'>edd.</span> <span class='ocrx_word' id='word_1_230' title='bbox 845 3767 1085 3853; x_wconf 72' lang='lat' dir='ltr'>aprournhae&#39;l&#39;</span> <span class='ocrx_word' id='word_1_231' title='bbox 1154 3788 1314 3840; x_wconf 65' lang='lat' dir='ltr'>finetenus</span> 
     </span>
     <span class='ocr_line' id='line_1_31' title="bbox 168 3853 1313 3922; baseline 0.001 -16"><span class='ocrx_word' id='word_1_232' title='bbox 168 3861 187 3906; x_wconf 84' lang='grc' dir='ltr'><strong>Τ</strong></span> <span class='ocrx_word' id='word_1_233' title='bbox 264 3856 356 3907; x_wconf 87' lang='lat' dir='ltr'>alieno</span> <span class='ocrx_word' id='word_1_234' title='bbox 375 3857 407 3906; x_wconf 79' lang='lat' dir='ltr'>ut</span> <span class='ocrx_word' id='word_1_235' title='bbox 424 3856 579 3922; x_wconf 82' lang='lat' dir='ltr'>queruntur</span> <span class='ocrx_word' id='word_1_236' title='bbox 597 3871 661 3907; x_wconf 87' lang='lat' dir='ltr'>aero</span> <span class='ocrx_word' id='word_1_237' title='bbox 680 3854 741 3906; x_wconf 76' lang='lat' dir='ltr'>edd.</span> <span class='ocrx_word' id='word_1_238' title='bbox 819 3854 922 3906; x_wconf 78' lang='lat' dir='ltr'>ohaec</span> <span class='ocrx_word' id='word_1_239' title='bbox 941 3854 1001 3906; x_wconf 75' lang='lat' dir='ltr'>edd.</span> <span class='ocrx_word' id='word_1_240' title='bbox 1072 3853 1218 3907; x_wconf 74' lang='lat' dir='ltr'>tafflietis</span> <span class='ocrx_word' id='word_1_241' title='bbox 1236 3855 1313 3921; x_wconf 70' lang='lat' dir='ltr'>edd,</span> 
     </span>
     <span class='ocr_line' id='line_1_32' title="bbox 167 3921 1314 4043; baseline 0.001 -1"><span class='ocrx_word' id='word_1_242' title='bbox 167 3939 235 4042; x_wconf 69' lang='lat' dir='ltr'>pes</span> <span class='ocrx_word' id='word_1_243' title='bbox 251 3921 1314 4043; x_wconf 46' lang='lat' dir='ltr'>{miiilsllllliisTldillli⁶·a2.’sl⁹l1...llll-llllllilamilllenlall</span> 
     </span>
     <span class='ocr_line' id='line_1_33' title="bbox 166 4007 1313 4125; baseline 0 -15"><span class='ocrx_word' id='word_1_244' title='bbox 166 4008 259 4111; x_wconf 56' lang='lat' dir='ltr'>torhllhls</span> <span class='ocrx_word' id='word_1_245' title='bbox 277 4057 364 4110; x_wconf 86' lang='lat' dir='ltr'>officii</span> <span class='ocrx_word' id='word_1_246' title='bbox 382 4031 449 4110; x_wconf 79' lang='lat' dir='ltr'>cura</span> <span class='ocrx_word' id='word_1_247' title='bbox 461 4007 534 4122; x_wconf 44' lang='lat' dir='ltr'>eddi}</span> <span class='ocrx_word' id='word_1_248' title='bbox 551 4021 712 4124; x_wconf 76' lang='lat' dir='ltr'>competens</span> <span class='ocrx_word' id='word_1_249' title='bbox 725 4009 815 4109; x_wconf 78' lang='lat' dir='ltr'>lmira?</span> <span class='ocrx_word' id='word_1_250' title='bbox 834 4057 868 4121; x_wconf 79' lang='lat' dir='ltr'>cf.</span> <span class='ocrx_word' id='word_1_251' title='bbox 887 4056 925 4113; x_wconf 88' lang='lat' dir='ltr'>D.</span> <span class='ocrx_word' id='word_1_252' title='bbox 937 4059 982 4120; x_wconf 79' lang='lat'>24,</span> <span class='ocrx_word' id='word_1_253' title='bbox 999 4060 1026 4125; x_wconf 90' lang='lat'>3,</span> <span class='ocrx_word' id='word_1_254' title='bbox 1044 4034 1092 4121; x_wconf 73' lang='grc'>22,</span> <span class='ocrx_word' id='word_1_255' title='bbox 1103 4060 1129 4109; x_wconf 88' lang='grc'>8.</span> <span class='ocrx_word' id='word_1_256' title='bbox 1201 4063 1233 4110; x_wconf 82' lang='lat'>13</span> <span class='ocrx_word' id='word_1_257' title='bbox 1246 4007 1313 4125; x_wconf 58' lang='lat' dir='ltr'>plio-</span> 
     </span>
     <span class='ocr_line' id='line_1_34' title="bbox 171 4124 1314 4203; baseline 0.002 -27"><span class='ocrx_word' id='word_1_258' title='bbox 171 4125 231 4203; x_wconf 79' lang='lat' dir='ltr'>pitii</span> <span class='ocrx_word' id='word_1_259' title='bbox 249 4127 282 4176; x_wconf 90' lang='lat' dir='ltr'>ut</span> <span class='ocrx_word' id='word_1_260' title='bbox 299 4125 395 4177; x_wconf 86' lang='lat' dir='ltr'>soletis</span> <span class='ocrx_word' id='word_1_261' title='bbox 414 4126 473 4178; x_wconf 84' lang='lat' dir='ltr'>edd.</span> <span class='ocrx_word' id='word_1_262' title='bbox 544 4131 575 4177; x_wconf 78' lang='lat'>14</span> <span class='ocrx_word' id='word_1_263' title='bbox 593 4130 666 4192; x_wconf 79' lang='lat' dir='ltr'>pr.&#39;r</span> <span class='ocrx_word' id='word_1_264' title='bbox 737 4131 768 4178; x_wconf 87' lang='grc'>16</span> <span class='ocrx_word' id='word_1_265' title='bbox 786 4124 979 4193; x_wconf 78' lang='lat' dir='ltr'>dignammi&#39;l&#39;</span> <span class='ocrx_word' id='word_1_266' title='bbox 1049 4130 1079 4178; x_wconf 77' lang='lat'>17</span> <span class='ocrx_word' id='word_1_267' title='bbox 1097 4125 1232 4192; x_wconf 81' lang='lat' dir='ltr'>expectat</span> <span class='ocrx_word' id='word_1_268' title='bbox 1249 4125 1314 4178; x_wconf 82' lang='lat' dir='ltr'>feli-</span> 
     </span>
     <span class='ocr_line' id='line_1_35' title="bbox 167 4193 1313 4327; baseline 0.001 -15"><span class='ocrx_word' id='word_1_269' title='bbox 167 4193 343 4314; x_wconf 44' lang='lat' dir='ltr'>ffllerreelllld&amp;</span> <span class='ocrx_word' id='word_1_270' title='bbox 366 4260 427 4313; x_wconf 84' lang='lat' dir='ltr'>Gol.</span> <span class='ocrx_word' id='word_1_271' title='bbox 448 4266 488 4313; x_wconf 84' lang='lat'>37.</span> <span class='ocrx_word' id='word_1_272' title='bbox 513 4260 571 4312; x_wconf 86' lang='lat' dir='ltr'>Jur.</span> <span class='ocrx_word' id='word_1_273' title='bbox 590 4266 629 4312; x_wconf 80' lang='lat'>51.</span> <span class='ocrx_word' id='word_1_274' title='bbox 656 4259 715 4312; x_wconf 86' lang='lat' dir='ltr'>Par.</span> <span class='ocrx_word' id='word_1_275' title='bbox 730 4265 770 4312; x_wconf 87' lang='lat'>58.</span> <span class='ocrx_word' id='word_1_276' title='bbox 841 4265 872 4313; x_wconf 91' lang='lat'>18</span> <span class='ocrx_word' id='word_1_277' title='bbox 889 4258 922 4311; x_wconf 93' lang='lat' dir='ltr'>D.</span> <span class='ocrx_word' id='word_1_278' title='bbox 936 4259 1093 4312; x_wconf 85' lang='lat' dir='ltr'>Theodosio</span> <span class='ocrx_word' id='word_1_279' title='bbox 1111 4274 1224 4327; x_wconf 89' lang='lat' dir='ltr'>semper</span> <span class='ocrx_word' id='word_1_280' title='bbox 1236 4259 1282 4311; x_wconf 86' lang='lat' dir='ltr'>Au</span> <span class='ocrx_word' id='word_1_281' title='bbox 1307 4302 1313 4313; x_wconf 93' lang='lat'>.</span> 
     </span>
     <span class='ocr_line' id='line_1_36' title="bbox 167 4277 1312 4396; baseline 0.003 -18"><span class='ocrx_word' id='word_1_282' title='bbox 167 4327 350 4394; x_wconf 81' lang='lat' dir='ltr'>Symmachus</span> <span class='ocrx_word' id='word_1_283' title='bbox 367 4327 459 4381; x_wconf 75' lang='lat' dir='ltr'>Praei.</span> <span class='ocrx_word' id='word_1_284' title='bbox 480 4327 545 4384; x_wconf 77' lang='lat' dir='ltr'>Urb,</span> <span class='ocrx_word' id='word_1_285' title='bbox 564 4327 624 4378; x_wconf 84' lang='lat' dir='ltr'>edd.</span> <span class='ocrx_word' id='word_1_286' title='bbox 697 4333 725 4379; x_wconf 80' lang='lat'>19</span> <span class='ocrx_word' id='word_1_287' title='bbox 744 4333 907 4396; x_wconf 78' lang='lat' dir='ltr'>negocnsT</span> <span class='ocrx_word' id='word_1_288' title='bbox 977 4332 1009 4379; x_wconf 88' lang='grc'>22</span> <span class='ocrx_word' id='word_1_289' title='bbox 1023 4326 1055 4378; x_wconf 87' lang='lat' dir='ltr'>D.</span> <span class='ocrx_word' id='word_1_290' title='bbox 1069 4327 1227 4394; x_wconf 78' lang='lat' dir='ltr'>Imperator</span> <span class='ocrx_word' id='word_1_291' title='bbox 1246 4277 1312 4381; x_wconf 59' lang='lat' dir='ltr'>edd.</span> 
     </span>
     <span class='ocr_line' id='line_1_37' title="bbox 234 4393 1315 4462; baseline 0.001 -15"><span class='ocrx_word' id='word_1_292' title='bbox 234 4403 267 4447; x_wconf 82' lang='grc'>25</span> <span class='ocrx_word' id='word_1_293' title='bbox 289 4396 407 4449; x_wconf 76' lang='lat' dir='ltr'>molenti</span> <span class='ocrx_word' id='word_1_294' title='bbox 425 4396 591 4448; x_wconf 75' lang='lat' dir='ltr'>aedificetur</span> <span class='ocrx_word' id='word_1_295' title='bbox 608 4399 628 4444; x_wconf 84' lang='grc' dir='ltr'><strong>Τ</strong></span> <span class='ocrx_word' id='word_1_296' title='bbox 697 4401 729 4448; x_wconf 78' lang='grc'>27</span> <span class='ocrx_word' id='word_1_297' title='bbox 742 4393 901 4462; x_wconf 86' lang='lat' dir='ltr'>praemissis</span> <span class='ocrx_word' id='word_1_298' title='bbox 919 4394 980 4446; x_wconf 81' lang='lat' dir='ltr'>cdd.</span> <span class='ocrx_word' id='word_1_299' title='bbox 997 4394 1126 4447; x_wconf 78' lang='lat' dir='ltr'>similiter</span> <span class='ocrx_word' id='word_1_300' title='bbox 1139 4395 1315 4460; x_wconf 64' lang='lat' dir='ltr'>proprium·</span> 
     </span>
     <span class='ocr_line' id='line_1_38' title="bbox 168 4463 1127 4530; baseline 0 -17"><span class='ocrx_word' id='word_1_301' title='bbox 168 4471 213 4520; x_wconf 65' lang='lat' dir='ltr'>{arr</span> <span class='ocrx_word' id='word_1_302' title='bbox 229 4464 375 4516; x_wconf 81' lang='lat' dir='ltr'>relationes</span> <span class='ocrx_word' id='word_1_303' title='bbox 442 4465 639 4530; x_wconf 77' lang='lat' dir='ltr'>susceptamT</span> <span class='ocrx_word' id='word_1_304' title='bbox 708 4467 741 4516; x_wconf 85' lang='grc'>28</span> <span class='ocrx_word' id='word_1_305' title='bbox 759 4464 918 4515; x_wconf 78' lang='lat' dir='ltr'>amlrtorrT</span> <span class='ocrx_word' id='word_1_306' title='bbox 988 4463 1127 4514; x_wconf 57' lang='lat' dir='ltr'>rectori}</span> 
     </span>
    </p>
   </div>
   <div class='ocr_carea' id='block_1_6' title="bbox 0 0 1492 5122">
    <p class='ocr_par' dir='ltr' id='par_1_11' title="bbox 0 0 1492 5122">
     <span class='ocr_line' id='line_1_39' title="bbox 0 0 1492 5122; baseline 0 0"><span class='ocrx_word' id='word_1_307' title='bbox 0 0 1492 5122; x_wconf 95' lang='lat' dir='ltr'> </span> 
     </span>
    </p>
   </div>
  </div>
 </body>
</html>
