<?xml version="1.0" encoding="UTF-8"?>
<!DOCTYPE html PUBLIC "-//W3C//DTD XHTML 1.0 Transitional//EN"
    "http://www.w3.org/TR/xhtml1/DTD/xhtml1-transitional.dtd">
<html xmlns="http://www.w3.org/1999/xhtml" xml:lang="en" lang="en">
 <head>
  <title>
</title>
<meta http-equiv="Content-Type" content="text/html;charset=utf-8" />
  <meta name='ocr-system' content='tesseract 3.04.00' />
  <meta name='ocr-capabilities' content='ocr_page ocr_carea ocr_par ocr_line ocrx_word'/>
</head>
<body>
  <div class='ocr_page' id='page_1' title='image "./qaureliisymnach00meyegoog_0060.png"; bbox 0 0 2970 5122; ppageno 0'>
   <div class='ocr_carea' id='block_1_1' title="bbox 540 311 1398 407">
    <p class='ocr_par' dir='ltr' id='par_1_1' title="bbox 540 311 1398 407">
     <span class='ocr_line' id='line_1_1' title="bbox 540 311 1398 407; baseline -0.001 -1"><span class='ocrx_word' id='word_1_1' title='bbox 540 356 721 406; x_wconf 77' lang='lat' dir='ltr'>smusom</span> <span class='ocrx_word' id='word_1_2' title='bbox 742 356 895 405; x_wconf 70' lang='lat' dir='ltr'>artemo</span> <span class='ocrx_word' id='word_1_3' title='bbox 918 346 970 404; x_wconf 87' lang='grc'>34.</span> <span class='ocrx_word' id='word_1_4' title='bbox 1123 401 1127 407; x_wconf 84' lang='grc'><strong>,</strong></span> <span class='ocrx_word' id='word_1_5' title='bbox 1283 341 1324 405; x_wconf 80' lang='grc'>47</span> <span class='ocrx_word' id='word_1_6' title='bbox 1389 311 1398 330; x_wconf 68' lang='lat'>.‚</span> 
     </span>
    </p>
   </div>
   <div class='ocr_carea' id='block_1_2' title="bbox 118 491 1417 3849">
    <p class='ocr_par' dir='ltr' id='par_1_2' title="bbox 118 491 1417 3849">
     <span class='ocr_line' id='line_1_2' title="bbox 173 491 1359 579; baseline 0.001 -22"><span class='ocrx_word' id='word_1_7' title='bbox 173 493 379 579; x_wconf 76' lang='lat' dir='ltr'>imperium?</span> <span class='ocrx_word' id='word_1_8' title='bbox 402 493 635 579; x_wconf 76' lang='lat' dir='ltr'>contemplanti</span> <span class='ocrx_word' id='word_1_9' title='bbox 645 492 727 556; x_wconf 91' lang='lat' dir='ltr'>mihi</span> <span class='ocrx_word' id='word_1_10' title='bbox 738 493 839 577; x_wconf 86' lang='lat' dir='ltr'>igitur</span> <span class='ocrx_word' id='word_1_11' title='bbox 849 491 1042 576; x_wconf 85' lang='lat' dir='ltr'>rescriptum</span> <span class='ocrx_word' id='word_1_12' title='bbox 1054 491 1197 556; x_wconf 90' lang='lat' dir='ltr'>numinis</span> <span class='ocrx_word' id='word_1_13' title='bbox 1210 491 1325 574; x_wconf 86' lang='lat' dir='ltr'>uestri,</span> <span class='ocrx_word' id='word_1_14' title='bbox 1343 509 1359 558; x_wconf 96' lang='grc'>2</span> 
     </span>
     <span class='ocr_line' id='line_1_3' title="bbox 175 593 1324 683; baseline -0.003 -23"><span class='ocrx_word' id='word_1_15' title='bbox 175 617 259 683; x_wconf 63' lang='lat' dir='ltr'>quo⁴</span> <span class='ocrx_word' id='word_1_16' title='bbox 269 616 365 660; x_wconf 87' lang='lat' dir='ltr'>arcae</span> <span class='ocrx_word' id='word_1_17' title='bbox 386 595 532 660; x_wconf 90' lang='lat' dir='ltr'>uinariae</span> <span class='ocrx_word' id='word_1_18' title='bbox 556 596 668 659; x_wconf 90' lang='lat' dir='ltr'>debita</span> <span class='ocrx_word' id='word_1_19' title='bbox 682 616 702 657; x_wconf 88' lang='lat' dir='ltr'>a</span> <span class='ocrx_word' id='word_1_20' title='bbox 715 593 881 681; x_wconf 84' lang='lat' dir='ltr'>praefecto</span> <span class='ocrx_word' id='word_1_21' title='bbox 897 593 967 656; x_wconf 89' lang='lat' dir='ltr'>eius</span> <span class='ocrx_word' id='word_1_22' title='bbox 983 593 1150 680; x_wconf 89' lang='lat' dir='ltr'>temporis,</span> <span class='ocrx_word' id='word_1_23' title='bbox 1173 615 1236 679; x_wconf 92' lang='lat' dir='ltr'>quo</span> <span class='ocrx_word' id='word_1_24' title='bbox 1251 615 1324 658; x_wconf 91' lang='lat' dir='ltr'>con·</span> 
     </span>
     <span class='ocr_line' id='line_1_4' title="bbox 174 695 1325 781; baseline -0.003 -19"><span class='ocrx_word' id='word_1_25' title='bbox 174 707 288 763; x_wconf 83' lang='lat' dir='ltr'>tracta</span> <span class='ocrx_word' id='word_1_26' title='bbox 310 697 473 781; x_wconf 87' lang='lat' dir='ltr'>dicuntur,</span> <span class='ocrx_word' id='word_1_27' title='bbox 497 698 567 762; x_wconf 89' lang='lat' dir='ltr'>erui</span> <span class='ocrx_word' id='word_1_28' title='bbox 590 697 775 777; x_wconf 81' lang='lat' dir='ltr'><strong>censuistis,</strong></span> <span class='ocrx_word' id='word_1_29' title='bbox 798 695 894 760; x_wconf 87' lang='lat' dir='ltr'>silere</span> <span class='ocrx_word' id='word_1_30' title='bbox 908 696 959 758; x_wconf 91' lang='lat' dir='ltr'>fas</span> <span class='ocrx_word' id='word_1_31' title='bbox 973 716 1038 758; x_wconf 88' lang='lat' dir='ltr'>non</span> <span class='ocrx_word' id='word_1_32' title='bbox 1053 696 1128 777; x_wconf 84' lang='lat' dir='ltr'>fuit,</span> <span class='ocrx_word' id='word_1_33' title='bbox 1151 695 1229 781; x_wconf 93' lang='lat' dir='ltr'>quid</span> <span class='ocrx_word' id='word_1_34' title='bbox 1246 707 1325 759; x_wconf 86' lang='lat' dir='ltr'>tcm-</span> 
     </span>
     <span class='ocr_line' id='line_1_5' title="bbox 175 797 1327 888; baseline -0.005 -22"><span class='ocrx_word' id='word_1_35' title='bbox 175 822 299 888; x_wconf 91' lang='lat' dir='ltr'>porum</span> <span class='ocrx_word' id='word_1_36' title='bbox 320 809 504 865; x_wconf 90' lang='lat' dir='ltr'>uestrorum</span> <span class='ocrx_word' id='word_1_37' title='bbox 525 805 685 884; x_wconf 74' lang='lat' dir='ltr'>congruat</span> <span class='ocrx_word' id='word_1_38' title='bbox 705 798 873 883; x_wconf 83' lang='lat' dir='ltr'>aequitati.</span> <span class='ocrx_word' id='word_1_39' title='bbox 909 799 974 861; x_wconf 92' lang='lat' dir='ltr'>iam</span> <span class='ocrx_word' id='word_1_40' title='bbox 990 797 1115 861; x_wconf 93' lang='lat' dir='ltr'>dudum</span> <span class='ocrx_word' id='word_1_41' title='bbox 1130 806 1260 884; x_wconf 82' lang='lat' dir='ltr'>stupere</span> <span class='ocrx_word' id='word_1_42' title='bbox 1274 819 1327 860; x_wconf 91' lang='lat' dir='ltr'>me</span> 
     </span>
     <span class='ocr_line' id='line_1_6' title="bbox 129 899 1325 984; baseline -0.002 -17"><span class='ocrx_word' id='word_1_43' title='bbox 129 913 153 954; x_wconf 82' lang='lat'>⁵</span> <span class='ocrx_word' id='word_1_44' title='bbox 175 903 290 969; x_wconf 84' lang='lat' dir='ltr'>fateor</span> <span class='ocrx_word' id='word_1_45' title='bbox 310 901 444 968; x_wconf 89' lang='lat' dir='ltr'>caelesti</span> <span class='ocrx_word' id='word_1_46' title='bbox 459 900 703 966; x_wconf 86' lang='lat' dir='ltr'>mansuetudini</span> <span class='ocrx_word' id='word_1_47' title='bbox 717 911 846 966; x_wconf 90' lang='lat' dir='ltr'>uestrae</span> <span class='ocrx_word' id='word_1_48' title='bbox 860 900 961 966; x_wconf 92' lang='lat' dir='ltr'>totius</span> <span class='ocrx_word' id='word_1_49' title='bbox 979 899 1067 965; x_wconf 90' lang='lat' dir='ltr'>orbis</span> <span class='ocrx_word' id='word_1_50' title='bbox 1079 899 1218 984; x_wconf 90' lang='lat' dir='ltr'>negotiis</span> <span class='ocrx_word' id='word_1_51' title='bbox 1232 921 1325 965; x_wconf 88' lang='lat' dir='ltr'>occu-</span> 
     </span>
     <span class='ocr_line' id='line_1_7' title="bbox 176 1001 1417 1091; baseline -0.002 -23"><span class='ocrx_word' id='word_1_52' title='bbox 176 1014 281 1091; x_wconf 86' lang='lat' dir='ltr'>patae</span> <span class='ocrx_word' id='word_1_53' title='bbox 295 1002 422 1068; x_wconf 86' lang='lat' dir='ltr'>litteras</span> <span class='ocrx_word' id='word_1_54' title='bbox 438 1004 509 1068; x_wconf 91' lang='lat' dir='ltr'>diui</span> <span class='ocrx_word' id='word_1_55' title='bbox 520 1002 705 1068; x_wconf 77' lang='lat' dir='ltr'>Constantii</span> <span class='ocrx_word' id='word_1_56' title='bbox 719 1004 767 1066; x_wconf 87' lang='lat' dir='ltr'>ita</span> <span class='ocrx_word' id='word_1_57' title='bbox 782 1024 854 1067; x_wconf 90' lang='lat' dir='ltr'>esse</span> <span class='ocrx_word' id='word_1_58' title='bbox 870 1010 1052 1088; x_wconf 87' lang='lat' dir='ltr'>suggestas,</span> <span class='ocrx_word' id='word_1_59' title='bbox 1067 1010 1106 1066; x_wconf 92' lang='lat' dir='ltr'>ut</span> <span class='ocrx_word' id='word_1_60' title='bbox 1119 1001 1326 1066; x_wconf 89' lang='lat' dir='ltr'>comminatio</span> <span class='ocrx_word' id='word_1_61' title='bbox 1414 1015 1417 1019; x_wconf 87' lang='grc'>’</span> 
     </span>
     <span class='ocr_line' id='line_1_8' title="bbox 176 1102 1326 1192; baseline -0.002 -22"><span class='ocrx_word' id='word_1_62' title='bbox 176 1107 246 1171; x_wconf 90' lang='lat' dir='ltr'>sub</span> <span class='ocrx_word' id='word_1_63' title='bbox 273 1107 460 1172; x_wconf 89' lang='lat' dir='ltr'>conditione</span> <span class='ocrx_word' id='word_1_64' title='bbox 482 1106 674 1192; x_wconf 87' lang='lat' dir='ltr'>deprompta</span> <span class='ocrx_word' id='word_1_65' title='bbox 695 1104 802 1169; x_wconf 89' lang='lat' dir='ltr'>instar</span> <span class='ocrx_word' id='word_1_66' title='bbox 821 1104 990 1170; x_wconf 90' lang='lat' dir='ltr'>cuiusdam</span> <span class='ocrx_word' id='word_1_67' title='bbox 1012 1102 1117 1169; x_wconf 92' lang='lat' dir='ltr'>debiti</span> <span class='ocrx_word' id='word_1_68' title='bbox 1137 1103 1326 1186; x_wconf 82' lang='lat' dir='ltr'>duceretur3</span> 
     </span>
     <span class='ocr_line' id='line_1_9' title="bbox 178 1206 1327 1294; baseline -0.002 -22"><span class='ocrx_word' id='word_1_69' title='bbox 178 1209 301 1273; x_wconf 90' lang='lat' dir='ltr'>dehinc</span> <span class='ocrx_word' id='word_1_70' title='bbox 322 1211 459 1274; x_wconf 88' lang='lat' dir='ltr'>tacitum</span> <span class='ocrx_word' id='word_1_71' title='bbox 481 1208 624 1294; x_wconf 91' lang='lat' dir='ltr'>quodam</span> <span class='ocrx_word' id='word_1_72' title='bbox 646 1229 724 1271; x_wconf 91' lang='lat' dir='ltr'>casu</span> <span class='ocrx_word' id='word_1_73' title='bbox 739 1206 780 1270; x_wconf 92' lang='lat' dir='ltr'>de</span> <span class='ocrx_word' id='word_1_74' title='bbox 795 1229 834 1271; x_wconf 88' lang='lat' dir='ltr'>ea</span> <span class='ocrx_word' id='word_1_75' title='bbox 848 1215 941 1293; x_wconf 86' lang='lat' dir='ltr'>parte</span> <span class='ocrx_word' id='word_1_76' title='bbox 955 1206 1117 1290; x_wconf 86' lang='lat' dir='ltr'>rescripti,</span> <span class='ocrx_word' id='word_1_77' title='bbox 1141 1227 1223 1292; x_wconf 92' lang='lat' dir='ltr'>quae</span> <span class='ocrx_word' id='word_1_78' title='bbox 1237 1215 1327 1271; x_wconf 89' lang='lat' dir='ltr'>tene·</span> 
     </span>
     <span class='ocr_line' id='line_1_10' title="bbox 178 1308 1326 1396; baseline -0.003 -20"><span class='ocrx_word' id='word_1_79' title='bbox 178 1313 241 1376; x_wconf 88' lang='lat' dir='ltr'>bat</span> <span class='ocrx_word' id='word_1_80' title='bbox 264 1311 421 1394; x_wconf 84' lang='lat' dir='ltr'>officium,</span> <span class='ocrx_word' id='word_1_81' title='bbox 443 1319 480 1375; x_wconf 91' lang='lat' dir='ltr'>ut</span> <span class='ocrx_word' id='word_1_82' title='bbox 501 1331 643 1396; x_wconf 88' lang='lat' dir='ltr'>persona</span> <span class='ocrx_word' id='word_1_83' title='bbox 664 1309 783 1373; x_wconf 86' lang='lat' dir='ltr'>iudicis</span> <span class='ocrx_word' id='word_1_84' title='bbox 805 1318 973 1395; x_wconf 88' lang='lat' dir='ltr'>tamquam</span> <span class='ocrx_word' id='word_1_85' title='bbox 992 1308 1089 1372; x_wconf 91' lang='lat' dir='ltr'>uilior</span> <span class='ocrx_word' id='word_1_86' title='bbox 1102 1308 1326 1393; x_wconf 89' lang='lat' dir='ltr'>apparitorum</span> 
     </span>
     <span class='ocr_line' id='line_1_11' title="bbox 139 1409 1360 1498; baseline -0.007 -20"><span class='ocrx_word' id='word_1_87' title='bbox 139 1428 169 1470; x_wconf 76' lang='lat'>10</span> <span class='ocrx_word' id='word_1_88' title='bbox 181 1434 316 1478; x_wconf 88' lang='lat' dir='ltr'>suorum</span> <span class='ocrx_word' id='word_1_89' title='bbox 339 1413 533 1498; x_wconf 87' lang='lat' dir='ltr'>impunitate</span> <span class='ocrx_word' id='word_1_90' title='bbox 555 1420 774 1498; x_wconf 86' lang='lat' dir='ltr'>premeretur3</span> <span class='ocrx_word' id='word_1_91' title='bbox 802 1411 901 1475; x_wconf 88' lang='lat' dir='ltr'>tertio</span> <span class='ocrx_word' id='word_1_92' title='bbox 929 1409 1016 1496; x_wconf 92' lang='lat' dir='ltr'>quod</span> <span class='ocrx_word' id='word_1_93' title='bbox 1044 1431 1083 1474; x_wconf 88' lang='lat' dir='ltr'>ea</span> <span class='ocrx_word' id='word_1_94' title='bbox 1104 1432 1230 1475; x_wconf 89' lang='lat' dir='ltr'>summa</span> <span class='ocrx_word' id='word_1_95' title='bbox 1252 1411 1325 1476; x_wconf 91' lang='lat' dir='ltr'>soli·</span> <span class='ocrx_word' id='word_1_96' title='bbox 1344 1422 1360 1470; x_wconf 85' lang='lat'><strong>3</strong></span> 
     </span>
     <span class='ocr_line' id='line_1_12' title="bbox 182 1511 1353 1601; baseline -0.003 -23"><span class='ocrx_word' id='word_1_97' title='bbox 182 1515 316 1597; x_wconf 83' lang='lat' dir='ltr'>dorum,</span> <span class='ocrx_word' id='word_1_98' title='bbox 339 1536 436 1601; x_wconf 89' lang='lat' dir='ltr'>quam</span> <span class='ocrx_word' id='word_1_99' title='bbox 458 1513 601 1599; x_wconf 78' lang='lat' dir='ltr'>cognitio</span> <span class='ocrx_word' id='word_1_100' title='bbox 616 1523 657 1577; x_wconf 86' lang='lat' dir='ltr'>et</span> <span class='ocrx_word' id='word_1_101' title='bbox 678 1512 793 1577; x_wconf 88' lang='lat' dir='ltr'>relatio</span> <span class='ocrx_word' id='word_1_102' title='bbox 814 1513 878 1577; x_wconf 92' lang='lat' dir='ltr'>uiri</span> <span class='ocrx_word' id='word_1_103' title='bbox 900 1511 1037 1577; x_wconf 88' lang='lat' dir='ltr'>illustris</span> <span class='ocrx_word' id='word_1_104' title='bbox 1060 1511 1241 1577; x_wconf 87' lang='lat' dir='ltr'>decessoris</span> <span class='ocrx_word' id='word_1_105' title='bbox 1262 1513 1328 1576; x_wconf 88' lang='lat' dir='ltr'>mei</span> <span class='ocrx_word' id='word_1_106' title='bbox 1351 1541 1353 1545; x_wconf 94' lang='lat'>·</span> 
     </span>
     <span class='ocr_line' id='line_1_13' title="bbox 184 1613 1328 1702; baseline 0 -22"><span class='ocrx_word' id='word_1_107' title='bbox 184 1638 227 1681; x_wconf 86' lang='lat' dir='ltr'>ex</span> <span class='ocrx_word' id='word_1_108' title='bbox 253 1613 376 1682; x_wconf 90' lang='lat' dir='ltr'>maiore</span> <span class='ocrx_word' id='word_1_109' title='bbox 402 1625 496 1701; x_wconf 88' lang='lat' dir='ltr'>parte</span> <span class='ocrx_word' id='word_1_110' title='bbox 524 1616 663 1681; x_wconf 88' lang='lat' dir='ltr'>solutam</span> <span class='ocrx_word' id='word_1_111' title='bbox 686 1613 837 1702; x_wconf 90' lang='lat' dir='ltr'>probauit</span> <span class='ocrx_word' id='word_1_112' title='bbox 859 1616 1001 1698; x_wconf 86' lang='lat' dir='ltr'>aerario,</span> <span class='ocrx_word' id='word_1_113' title='bbox 1029 1623 1193 1700; x_wconf 92' lang='lat' dir='ltr'>tamquam</span> <span class='ocrx_word' id='word_1_114' title='bbox 1216 1614 1328 1680; x_wconf 87' lang='lat' dir='ltr'>debita</span> 
     </span>
     <span class='ocr_line' id='line_1_14' title="bbox 183 1715 1326 1807; baseline -0.002 -25"><span class='ocrx_word' id='word_1_115' title='bbox 183 1728 216 1784; x_wconf 91' lang='lat' dir='ltr'>et</span> <span class='ocrx_word' id='word_1_116' title='bbox 238 1720 361 1783; x_wconf 87' lang='lat' dir='ltr'>intacta</span> <span class='ocrx_word' id='word_1_117' title='bbox 383 1718 581 1804; x_wconf 89' lang='lat' dir='ltr'>deposcitur.</span> <span class='ocrx_word' id='word_1_118' title='bbox 624 1727 722 1805; x_wconf 89' lang='lat' dir='ltr'>atque</span> <span class='ocrx_word' id='word_1_119' title='bbox 743 1717 817 1781; x_wconf 91' lang='lat' dir='ltr'>ideo</span> <span class='ocrx_word' id='word_1_120' title='bbox 840 1718 926 1782; x_wconf 92' lang='lat' dir='ltr'>inter</span> <span class='ocrx_word' id='word_1_121' title='bbox 945 1715 1048 1782; x_wconf 87' lang='lat' dir='ltr'>multa</span> <span class='ocrx_word' id='word_1_122' title='bbox 1069 1738 1219 1781; x_wconf 91' lang='lat' dir='ltr'>curarum</span> <span class='ocrx_word' id='word_1_123' title='bbox 1241 1739 1326 1807; x_wconf 90' lang='lat' dir='ltr'>sum-</span> 
     </span>
     <span class='ocr_line' id='line_1_15' title="bbox 185 1817 1327 1903; baseline -0.001 -20"><span class='ocrx_word' id='word_1_124' title='bbox 185 1822 298 1885; x_wconf 89' lang='lat' dir='ltr'>matim</span> <span class='ocrx_word' id='word_1_125' title='bbox 310 1819 465 1884; x_wconf 90' lang='lat' dir='ltr'>nonnulla</span> <span class='ocrx_word' id='word_1_126' title='bbox 476 1819 649 1885; x_wconf 90' lang='lat' dir='ltr'>tractanda</span> <span class='ocrx_word' id='word_1_127' title='bbox 661 1828 748 1884; x_wconf 92' lang='lat' dir='ltr'>sunt.</span> <span class='ocrx_word' id='word_1_128' title='bbox 768 1839 908 1903; x_wconf 87' lang='lat' dir='ltr'>namque</span> <span class='ocrx_word' id='word_1_129' title='bbox 920 1818 973 1883; x_wconf 89' lang='lat' dir='ltr'>XI</span> <span class='ocrx_word' id='word_1_130' title='bbox 986 1818 1076 1882; x_wconf 92' lang='lat' dir='ltr'>milia</span> <span class='ocrx_word' id='word_1_131' title='bbox 1087 1818 1200 1901; x_wconf 88' lang='grc'>0000</span> <span class='ocrx_word' id='word_1_132' title='bbox 1212 1817 1327 1884; x_wconf 88' lang='lat' dir='ltr'>XLVI</span> 
     </span>
     <span class='ocr_line' id='line_1_16' title="bbox 152 1920 1326 2007; baseline -0.003 -19"><span class='ocrx_word' id='word_1_133' title='bbox 152 1936 174 1976; x_wconf 82' lang='lat'>1⁵</span> <span class='ocrx_word' id='word_1_134' title='bbox 187 1922 311 1988; x_wconf 88' lang='lat' dir='ltr'>solidos</span> <span class='ocrx_word' id='word_1_135' title='bbox 339 1944 381 1987; x_wconf 84' lang='lat' dir='ltr'>ex</span> <span class='ocrx_word' id='word_1_136' title='bbox 408 1945 445 1988; x_wconf 88' lang='lat' dir='ltr'>co</span> <span class='ocrx_word' id='word_1_137' title='bbox 474 1945 576 2005; x_wconf 89' lang='lat' dir='ltr'>anno,</span> <span class='ocrx_word' id='word_1_138' title='bbox 608 1922 664 2007; x_wconf 91' lang='lat' dir='ltr'>qui</span> <span class='ocrx_word' id='word_1_139' title='bbox 687 1920 795 2005; x_wconf 86' lang='lat' dir='ltr'>Sergii</span> <span class='ocrx_word' id='word_1_140' title='bbox 822 1930 855 1985; x_wconf 91' lang='lat' dir='ltr'>et</span> <span class='ocrx_word' id='word_1_141' title='bbox 876 1920 1063 2005; x_wconf 88' lang='lat' dir='ltr'>Nigriniani</span> <span class='ocrx_word' id='word_1_142' title='bbox 1085 1922 1232 2006; x_wconf 89' lang='lat' dir='ltr'>sequitur</span> <span class='ocrx_word' id='word_1_143' title='bbox 1253 1943 1326 1986; x_wconf 85' lang='lat' dir='ltr'>con·</span> 
     </span>
     <span class='ocr_line' id='line_1_17' title="bbox 183 2021 1327 2109; baseline -0.003 -19"><span class='ocrx_word' id='word_1_144' title='bbox 183 2024 335 2107; x_wconf 85' lang='lat' dir='ltr'>sulatum,</span> <span class='ocrx_word' id='word_1_145' title='bbox 358 2027 460 2090; x_wconf 88' lang='lat' dir='ltr'>sacris</span> <span class='ocrx_word' id='word_1_146' title='bbox 482 2025 658 2089; x_wconf 85' lang='lat' dir='ltr'>accessisse</span> <span class='ocrx_word' id='word_1_147' title='bbox 678 2021 837 2088; x_wconf 89' lang='lat' dir='ltr'>thesauris</span> <span class='ocrx_word' id='word_1_148' title='bbox 861 2031 893 2086; x_wconf 91' lang='lat' dir='ltr'>et</span> <span class='ocrx_word' id='word_1_149' title='bbox 913 2022 1142 2109; x_wconf 15' lang='lat' dir='ltr'>praefecturae*</span> <span class='ocrx_word' id='word_1_150' title='bbox 1159 2023 1327 2108; x_wconf 89' lang='lat' dir='ltr'>inquisitio</span> 
     </span>
     <span class='ocr_line' id='line_1_18' title="bbox 185 2121 1357 2212; baseline -0.001 -22"><span class='ocrx_word' id='word_1_151' title='bbox 185 2137 217 2192; x_wconf 88' lang='lat' dir='ltr'>et</span> <span class='ocrx_word' id='word_1_152' title='bbox 239 2127 461 2193; x_wconf 89' lang='lat' dir='ltr'>discussorum</span> <span class='ocrx_word' id='word_1_153' title='bbox 483 2129 611 2193; x_wconf 83' lang='lat' dir='ltr'>litterae</span> <span class='ocrx_word' id='word_1_154' title='bbox 633 2135 665 2190; x_wconf 93' lang='lat' dir='ltr'>et</span> <span class='ocrx_word' id='word_1_155' title='bbox 687 2148 717 2190; x_wconf 89' lang='lat' dir='ltr'>u.</span> <span class='ocrx_word' id='word_1_156' title='bbox 735 2146 763 2188; x_wconf 91' lang='lat' dir='ltr'>c.</span> <span class='ocrx_word' id='word_1_157' title='bbox 786 2125 968 2191; x_wconf 90' lang='lat' dir='ltr'>decessoris</span> <span class='ocrx_word' id='word_1_158' title='bbox 990 2126 1055 2190; x_wconf 92' lang='lat' dir='ltr'>mei</span> <span class='ocrx_word' id='word_1_159' title='bbox 1075 2126 1198 2212; x_wconf 88' lang='lat' dir='ltr'>scripta</span> <span class='ocrx_word' id='word_1_160' title='bbox 1213 2126 1326 2190; x_wconf 80' lang='lat' dir='ltr'>docue·</span> <span class='ocrx_word' id='word_1_161' title='bbox 1353 2121 1357 2127; x_wconf 72' lang='grc'><em>’</em></span> 
     </span>
     <span class='ocr_line' id='line_1_19' title="bbox 149 2225 1363 2315; baseline -0.002 -21"><span class='ocrx_word' id='word_1_162' title='bbox 149 2310 152 2315; x_wconf 25' lang='lat'><strong>⁴</strong></span> <span class='ocrx_word' id='word_1_163' title='bbox 184 2240 271 2298; x_wconf 88' lang='lat' dir='ltr'>runt.</span> <span class='ocrx_word' id='word_1_164' title='bbox 314 2232 400 2295; x_wconf 91' lang='lat' dir='ltr'>inter</span> <span class='ocrx_word' id='word_1_165' title='bbox 427 2229 508 2294; x_wconf 91' lang='lat' dir='ltr'>haec</span> <span class='ocrx_word' id='word_1_166' title='bbox 535 2229 635 2312; x_wconf 85' lang='lat' dir='ltr'>igitur</span> <span class='ocrx_word' id='word_1_167' title='bbox 662 2236 730 2291; x_wconf 90' lang='lat' dir='ltr'>tam</span> <span class='ocrx_word' id='word_1_168' title='bbox 757 2226 867 2294; x_wconf 84' lang='lat' dir='ltr'>multa</span> <span class='ocrx_word' id='word_1_169' title='bbox 886 2225 996 2291; x_wconf 90' lang='lat' dir='ltr'>ualida</span> <span class='ocrx_word' id='word_1_170' title='bbox 1017 2227 1116 2291; x_wconf 91' lang='lat' dir='ltr'>fidem</span> <span class='ocrx_word' id='word_1_171' title='bbox 1138 2226 1363 2298; x_wconf 70' lang='lat' dir='ltr'>clementiaco</span> 
     </span>
     <span class='ocr_line' id='line_1_20' title="bbox 184 2329 1327 2416; baseline -0.003 -18"><span class='ocrx_word' id='word_1_172' title='bbox 184 2342 315 2400; x_wconf 86' lang='lat' dir='ltr'>uestrae</span> <span class='ocrx_word' id='word_1_173' title='bbox 338 2332 483 2398; x_wconf 86' lang='lat' dir='ltr'>debitam</span> <span class='ocrx_word' id='word_1_174' title='bbox 505 2329 634 2394; x_wconf 89' lang='lat' dir='ltr'>silentio</span> <span class='ocrx_word' id='word_1_175' title='bbox 656 2329 781 2394; x_wconf 88' lang='lat' dir='ltr'>uiolare</span> <span class='ocrx_word' id='word_1_176' title='bbox 796 2349 861 2393; x_wconf 91' lang='lat' dir='ltr'>non</span> <span class='ocrx_word' id='word_1_177' title='bbox 874 2330 977 2416; x_wconf 87' lang='lat' dir='ltr'>potui,</span> <span class='ocrx_word' id='word_1_178' title='bbox 1001 2351 1074 2394; x_wconf 92' lang='lat' dir='ltr'>cum</span> <span class='ocrx_word' id='word_1_179' title='bbox 1089 2339 1234 2394; x_wconf 90' lang='lat' dir='ltr'>uestrum</span> <span class='ocrx_word' id='word_1_180' title='bbox 1250 2352 1327 2415; x_wconf 90' lang='lat' dir='ltr'>quo·</span> 
     </span>
     <span class='ocr_line' id='line_1_21' title="bbox 144 2431 1328 2521; baseline 0 -25"><span class='ocrx_word' id='word_1_181' title='bbox 144 2457 172 2496; x_wconf 82' lang='lat' dir='ltr'>so</span> <span class='ocrx_word' id='word_1_182' title='bbox 186 2457 249 2521; x_wconf 86' lang='lat' dir='ltr'>que</span> <span class='ocrx_word' id='word_1_183' title='bbox 277 2457 396 2500; x_wconf 91' lang='lat' dir='ltr'>numen</span> <span class='ocrx_word' id='word_1_184' title='bbox 423 2433 628 2496; x_wconf 88' lang='lat' dir='ltr'>aduertersm</span> <span class='ocrx_word' id='word_1_185' title='bbox 651 2431 748 2497; x_wconf 86' lang='lat' dir='ltr'>solita</span> <span class='ocrx_word' id='word_1_186' title='bbox 770 2431 919 2498; x_wconf 86' lang='lat' dir='ltr'>cautione</span> <span class='ocrx_word' id='word_1_187' title='bbox 940 2452 1046 2518; x_wconf 88' lang='lat' dir='ltr'>neque</span> <span class='ocrx_word' id='word_1_188' title='bbox 1067 2431 1186 2496; x_wconf 90' lang='lat' dir='ltr'>iudicis</span> <span class='ocrx_word' id='word_1_189' title='bbox 1209 2455 1328 2498; x_wconf 90' lang='lat' dir='ltr'>nomen</span> 
     </span>
     <span class='ocr_line' id='line_1_22' title="bbox 184 2525 1327 2622; baseline -0.003 -21"><span class='ocrx_word' id='word_1_190' title='bbox 184 2525 333 2622; x_wconf 83' lang='lat' dir='ltr'>signasse</span> <span class='ocrx_word' id='word_1_191' title='bbox 354 2536 512 2621; x_wconf 89' lang='lat' dir='ltr'>rescripto</span> <span class='ocrx_word' id='word_1_192' title='bbox 535 2544 567 2599; x_wconf 87' lang='lat' dir='ltr'>et</span> <span class='ocrx_word' id='word_1_193' title='bbox 588 2536 778 2599; x_wconf 88' lang='lat' dir='ltr'>aestimasse</span> <span class='ocrx_word' id='word_1_194' title='bbox 793 2533 881 2620; x_wconf 91' lang='lat' dir='ltr'>quod</span> <span class='ocrx_word' id='word_1_195' title='bbox 895 2534 1138 2598; x_wconf 90' lang='lat' dir='ltr'>conueniendus</span> <span class='ocrx_word' id='word_1_196' title='bbox 1154 2533 1226 2599; x_wconf 88' lang='lat' dir='ltr'>luce</span> <span class='ocrx_word' id='word_1_197' title='bbox 1241 2534 1327 2600; x_wconf 85' lang='lat' dir='ltr'>frue-</span> 
     </span>
     <span class='ocr_line' id='line_1_23' title="bbox 185 2624 1395 2725; baseline -0.001 -22"><span class='ocrx_word' id='word_1_198' title='bbox 185 2650 285 2703; x_wconf 88' lang='lat' dir='ltr'>retur.</span> <span class='ocrx_word' id='word_1_199' title='bbox 317 2661 392 2702; x_wconf 92' lang='lat' dir='ltr'>nam</span> <span class='ocrx_word' id='word_1_200' title='bbox 409 2630 538 2725; x_wconf 75' lang='lat' dir='ltr'>quando</span> <span class='ocrx_word' id='word_1_201' title='bbox 553 2634 728 2701; x_wconf 91' lang='lat' dir='ltr'>clementia</span> <span class='ocrx_word' id='word_1_202' title='bbox 742 2644 852 2699; x_wconf 87' lang='lat' dir='ltr'>uestra</span> <span class='ocrx_word' id='word_1_203' title='bbox 873 2637 940 2700; x_wconf 89' lang='lat' dir='ltr'>uim</span> <span class='ocrx_word' id='word_1_204' title='bbox 961 2637 1082 2701; x_wconf 88' lang='lat' dir='ltr'>ueteris</span> <span class='ocrx_word' id='word_1_205' title='bbox 1106 2637 1327 2703; x_wconf 88' lang='lat' dir='ltr'>comminatio·</span> <span class='ocrx_word' id='word_1_206' title='bbox 1391 2624 1395 2630; x_wconf 59' lang='grc'><strong>’</strong></span> 
     </span>
     <span class='ocr_line' id='line_1_24' title="bbox 185 2735 1327 2824; baseline -0.002 -20"><span class='ocrx_word' id='word_1_207' title='bbox 185 2741 237 2806; x_wconf 89' lang='lat' dir='ltr'>nis</span> <span class='ocrx_word' id='word_1_208' title='bbox 270 2742 305 2805; x_wconf 93' lang='lat' dir='ltr'>in</span> <span class='ocrx_word' id='word_1_209' title='bbox 332 2751 495 2805; x_wconf 92' lang='lat' dir='ltr'>mortuum</span> <span class='ocrx_word' id='word_1_210' title='bbox 522 2737 730 2820; x_wconf 87' lang='lat' dir='ltr'>tetendisset,</span> <span class='ocrx_word' id='word_1_211' title='bbox 762 2759 836 2802; x_wconf 90' lang='lat' dir='ltr'>cum</span> <span class='ocrx_word' id='word_1_212' title='bbox 864 2740 961 2803; x_wconf 90' lang='lat' dir='ltr'>etiam</span> <span class='ocrx_word' id='word_1_213' title='bbox 989 2735 1140 2824; x_wconf 85' lang='lat' dir='ltr'>grauium</span> <span class='ocrx_word' id='word_1_214' title='bbox 1168 2760 1327 2805; x_wconf 86' lang='lat' dir='ltr'>noxarum</span> 
     </span>
     <span class='ocr_line' id='line_1_25' title="bbox 184 2838 1327 2930; baseline 0 -24"><span class='ocrx_word' id='word_1_215' title='bbox 184 2864 290 2930; x_wconf 90' lang='lat' dir='ltr'>poena</span> <span class='ocrx_word' id='word_1_216' title='bbox 310 2841 375 2906; x_wconf 90' lang='lat' dir='ltr'>fine</span> <span class='ocrx_word' id='word_1_217' title='bbox 395 2840 484 2906; x_wconf 87' lang='lat' dir='ltr'>uitae</span> <span class='ocrx_word' id='word_1_218' title='bbox 506 2838 675 2906; x_wconf 80' lang='lat' dir='ltr'>soluatur?</span> <span class='ocrx_word' id='word_1_219' title='bbox 716 2851 751 2906; x_wconf 92' lang='lat' dir='ltr'>at</span> <span class='ocrx_word' id='word_1_220' title='bbox 772 2862 850 2906; x_wconf 92' lang='lat' dir='ltr'>uero</span> <span class='ocrx_word' id='word_1_221' title='bbox 872 2842 934 2907; x_wconf 90' lang='lat' dir='ltr'>istc</span> <span class='ocrx_word' id='word_1_222' title='bbox 955 2850 1059 2907; x_wconf 88' lang='lat' dir='ltr'>terror</span> <span class='ocrx_word' id='word_1_223' title='bbox 1080 2842 1149 2906; x_wconf 92' lang='lat' dir='ltr'>diui</span> <span class='ocrx_word' id='word_1_224' title='bbox 1170 2842 1327 2929; x_wconf 89' lang='lat' dir='ltr'>principis</span> 
     </span>
     <span class='ocr_line' id='line_1_26' title="bbox 142 2942 1327 3031; baseline 0 -22"><span class='ocrx_word' id='word_1_225' title='bbox 142 2943 303 3010; x_wconf 71' lang='lat' dir='ltr'>alitteris</span> <span class='ocrx_word' id='word_1_226' title='bbox 326 2942 566 3030; x_wconf 88' lang='lat' dir='ltr'>conprehensus</span> <span class='ocrx_word' id='word_1_227' title='bbox 585 2965 627 3006; x_wconf 91' lang='lat' dir='ltr'>ne</span> <span class='ocrx_word' id='word_1_228' title='bbox 642 2944 807 3009; x_wconf 90' lang='lat' dir='ltr'>uiuentem</span> <span class='ocrx_word' id='word_1_229' title='bbox 822 2944 953 3030; x_wconf 93' lang='lat' dir='ltr'>quidem</span> <span class='ocrx_word' id='word_1_230' title='bbox 968 2953 1078 3031; x_wconf 91' lang='lat' dir='ltr'>posset</span> <span class='ocrx_word' id='word_1_231' title='bbox 1091 2965 1219 3029; x_wconf 87' lang='lat' dir='ltr'>urgere.</span> <span class='ocrx_word' id='word_1_232' title='bbox 1254 2965 1327 3028; x_wconf 85' lang='lat' dir='ltr'>gra·</span> 
     </span>
     <span class='ocr_line' id='line_1_27' title="bbox 184 3045 1327 3134; baseline -0.001 -22"><span class='ocrx_word' id='word_1_233' title='bbox 184 3048 242 3112; x_wconf 90' lang='lat' dir='ltr'>uia</span> <span class='ocrx_word' id='word_1_234' title='bbox 272 3047 359 3112; x_wconf 90' lang='lat' dir='ltr'>enim</span> <span class='ocrx_word' id='word_1_235' title='bbox 385 3046 541 3111; x_wconf 87' lang='lat' dir='ltr'>subiectis</span> <span class='ocrx_word' id='word_1_236' title='bbox 553 3099 559 3112; x_wconf 85' lang='grc'>,.</span> <span class='ocrx_word' id='word_1_237' title='bbox 569 3066 667 3132; x_wconf 90' lang='lat' dir='ltr'>saepe</span> <span class='ocrx_word' id='word_1_238' title='bbox 694 3046 890 3110; x_wconf 84' lang='lat' dir='ltr'>minitamini</span> <span class='ocrx_word' id='word_1_239' title='bbox 916 3046 1054 3112; x_wconf 88' lang='lat' dir='ltr'>acuendi</span> <span class='ocrx_word' id='word_1_240' title='bbox 1081 3046 1188 3134; x_wconf 91' lang='lat' dir='ltr'>potius</span> <span class='ocrx_word' id='word_1_241' title='bbox 1217 3045 1327 3112; x_wconf 89' lang='lat' dir='ltr'>studio</span> 
     </span>
     <span class='ocr_line' id='line_1_28' title="bbox 185 3147 1328 3235; baseline -0.002 -21"><span class='ocrx_word' id='word_1_242' title='bbox 185 3170 283 3235; x_wconf 90' lang='lat' dir='ltr'>quam</span> <span class='ocrx_word' id='word_1_243' title='bbox 299 3149 446 3214; x_wconf 89' lang='lat' dir='ltr'>nocendi.</span> <span class='ocrx_word' id='word_1_244' title='bbox 475 3147 537 3214; x_wconf 92' lang='lat' dir='ltr'>hoc</span> <span class='ocrx_word' id='word_1_245' title='bbox 553 3148 651 3213; x_wconf 88' lang='lat' dir='ltr'>ctiam</span> <span class='ocrx_word' id='word_1_246' title='bbox 666 3147 761 3213; x_wconf 90' lang='lat' dir='ltr'>diuus</span> <span class='ocrx_word' id='word_1_247' title='bbox 772 3148 902 3233; x_wconf 88' lang='lat' dir='ltr'>genitor</span> <span class='ocrx_word' id='word_1_248' title='bbox 911 3159 986 3214; x_wconf 91' lang='lat' dir='ltr'>tuus</span> <span class='ocrx_word' id='word_1_249' title='bbox 998 3150 1032 3213; x_wconf 94' lang='lat' dir='ltr'>in</span> <span class='ocrx_word' id='word_1_250' title='bbox 1043 3150 1185 3214; x_wconf 89' lang='lat' dir='ltr'>omnium</span> <span class='ocrx_word' id='word_1_251' title='bbox 1198 3169 1328 3235; x_wconf 89' lang='lat' dir='ltr'>semper</span> 
     </span>
     <span class='ocr_line' id='line_1_29' title="bbox 184 3249 1326 3338; baseline 0 -22"><span class='ocrx_word' id='word_1_252' title='bbox 184 3252 303 3316; x_wconf 89' lang='lat' dir='ltr'>animis</span> <span class='ocrx_word' id='word_1_253' title='bbox 326 3260 359 3315; x_wconf 88' lang='lat' dir='ltr'>et</span> <span class='ocrx_word' id='word_1_254' title='bbox 379 3273 436 3316; x_wconf 92' lang='lat' dir='ltr'>ore</span> <span class='ocrx_word' id='word_1_255' title='bbox 457 3253 603 3316; x_wconf 90' lang='lat' dir='ltr'>uicturus</span> <span class='ocrx_word' id='word_1_256' title='bbox 626 3251 681 3338; x_wconf 91' lang='lat' dir='ltr'>pia</span> <span class='ocrx_word' id='word_1_257' title='bbox 694 3249 766 3336; x_wconf 88' lang='lat' dir='ltr'>lege</span> <span class='ocrx_word' id='word_1_258' title='bbox 782 3252 962 3336; x_wconf 90' lang='lat' dir='ltr'>constituit,</span> <span class='ocrx_word' id='word_1_259' title='bbox 984 3253 1041 3338; x_wconf 91' lang='lat' dir='ltr'>qui</span> <span class='ocrx_word' id='word_1_260' title='bbox 1056 3252 1232 3317; x_wconf 89' lang='lat' dir='ltr'>sententias</span> <span class='ocrx_word' id='word_1_261' title='bbox 1248 3273 1326 3338; x_wconf 91' lang='lat' dir='ltr'>quo·</span> 
     </span>
     <span class='ocr_line' id='line_1_30' title="bbox 185 3352 1328 3442; baseline -0.001 -23"><span class='ocrx_word' id='word_1_262' title='bbox 185 3376 250 3442; x_wconf 90' lang='lat' dir='ltr'>que</span> <span class='ocrx_word' id='word_1_263' title='bbox 272 3355 332 3418; x_wconf 88' lang='lat' dir='ltr'>sub</span> <span class='ocrx_word' id='word_1_264' title='bbox 354 3353 606 3418; x_wconf 89' lang='lat' dir='ltr'>comminatione</span> <span class='ocrx_word' id='word_1_265' title='bbox 628 3352 838 3441; x_wconf 86' lang='lat' dir='ltr'>depromptas</span> <span class='ocrx_word' id='word_1_266' title='bbox 861 3354 978 3420; x_wconf 84' lang='lat' dir='ltr'>effectu</span> <span class='ocrx_word' id='word_1_267' title='bbox 998 3363 1098 3440; x_wconf 88' lang='lat' dir='ltr'>atquc</span> <span class='ocrx_word' id='word_1_268' title='bbox 1118 3355 1328 3420; x_wconf 84' lang='lat' dir='ltr'>exsecutione</span> 
     </span>
     <span class='ocr_line' id='line_1_31' title="bbox 143 3454 1361 3542; baseline 0.002 -22"><span class='ocrx_word' id='word_1_269' title='bbox 143 3457 352 3522; x_wconf 84' lang='lat' dir='ltr'>aouacuauit.</span> <span class='ocrx_word' id='word_1_270' title='bbox 396 3454 480 3519; x_wconf 90' lang='lat' dir='ltr'>hanc</span> <span class='ocrx_word' id='word_1_271' title='bbox 506 3476 586 3520; x_wconf 90' lang='lat' dir='ltr'>uero</span> <span class='ocrx_word' id='word_1_272' title='bbox 611 3454 845 3538; x_wconf 83' lang='lat' dir='ltr'>conditionem,</span> <span class='ocrx_word' id='word_1_273' title='bbox 874 3478 971 3542; x_wconf 89' lang='lat' dir='ltr'>quam</span> <span class='ocrx_word' id='word_1_274' title='bbox 997 3457 1093 3520; x_wconf 90' lang='lat' dir='ltr'>diuus</span> <span class='ocrx_word' id='word_1_275' title='bbox 1116 3456 1361 3528; x_wconf 78' lang='lat' dir='ltr'>Constantiuss</span> 
     </span>
     <span class='ocr_line' id='line_1_32' title="bbox 185 3556 1325 3644; baseline -0.001 -19"><span class='ocrx_word' id='word_1_276' title='bbox 185 3557 309 3625; x_wconf 88' lang='lat' dir='ltr'>adiecit</span> <span class='ocrx_word' id='word_1_277' title='bbox 335 3556 452 3623; x_wconf 89' lang='lat' dir='ltr'>litteris</span> <span class='ocrx_word' id='word_1_278' title='bbox 483 3557 568 3638; x_wconf 88' lang='lat' dir='ltr'>suis,</span> <span class='ocrx_word' id='word_1_279' title='bbox 595 3556 699 3621; x_wconf 91' lang='lat' dir='ltr'>multa</span> <span class='ocrx_word' id='word_1_280' title='bbox 727 3579 810 3643; x_wconf 88' lang='lat' dir='ltr'>quae</span> <span class='ocrx_word' id='word_1_281' title='bbox 831 3567 906 3644; x_wconf 92' lang='lat' dir='ltr'>post</span> <span class='ocrx_word' id='word_1_282' title='bbox 927 3560 1000 3623; x_wconf 90' lang='lat' dir='ltr'>uisa</span> <span class='ocrx_word' id='word_1_283' title='bbox 1022 3567 1098 3624; x_wconf 92' lang='lat' dir='ltr'>sunt</span> <span class='ocrx_word' id='word_1_284' title='bbox 1120 3558 1325 3624; x_wconf 87' lang='lat' dir='ltr'>subruerunt.</span> 
     </span>
     <span class='ocr_line' id='line_1_33' title="bbox 118 3656 1326 3748; baseline 0 -23"><span class='ocrx_word' id='word_1_285' title='bbox 118 3674 123 3684; x_wconf 90' lang='lat'>&#39;</span> <span class='ocrx_word' id='word_1_286' title='bbox 183 3684 262 3726; x_wconf 91' lang='lat' dir='ltr'>nam</span> <span class='ocrx_word' id='word_1_287' title='bbox 285 3660 398 3726; x_wconf 89' lang='lat' dir='ltr'>codem</span> <span class='ocrx_word' id='word_1_288' title='bbox 421 3658 568 3746; x_wconf 91' lang='lat' dir='ltr'>principe</span> <span class='ocrx_word' id='word_1_289' title='bbox 587 3656 696 3722; x_wconf 88' lang='lat' dir='ltr'>adhu&#39;c</span> <span class='ocrx_word' id='word_1_290' title='bbox 710 3661 821 3724; x_wconf 90' lang='lat' dir='ltr'>orbem</span> <span class='ocrx_word' id='word_1_291' title='bbox 835 3670 969 3745; x_wconf 89' lang='lat' dir='ltr'>regente</span> <span class='ocrx_word' id='word_1_292' title='bbox 983 3661 1025 3724; x_wconf 91' lang='lat' dir='ltr'>ad</span> <span class='ocrx_word' id='word_1_293' title='bbox 1039 3660 1220 3725; x_wconf 83' lang='lat' dir='ltr'>Tertullum</span> <span class='ocrx_word' id='word_1_294' title='bbox 1235 3684 1326 3748; x_wconf 91' lang='lat' dir='ltr'>prae·</span> 
     </span>
     <span class='ocr_line' id='line_1_34' title="bbox 183 3760 1327 3849; baseline 0 -21"><span class='ocrx_word' id='word_1_295' title='bbox 183 3764 307 3828; x_wconf 89' lang='lat' dir='ltr'>fectum</span> <span class='ocrx_word' id='word_1_296' title='bbox 335 3760 408 3826; x_wconf 92' lang='lat' dir='ltr'>urbi</span> <span class='ocrx_word' id='word_1_297' title='bbox 437 3760 680 3826; x_wconf 89' lang='lat' dir='ltr'>memorabilem</span> <span class='ocrx_word' id='word_1_298' title='bbox 702 3764 809 3826; x_wconf 90' lang='lat' dir='ltr'>uirum</span> <span class='ocrx_word' id='word_1_299' title='bbox 831 3763 988 3848; x_wconf 86' lang='lat' dir='ltr'>migrauit</span> <span class='ocrx_word' id='word_1_300' title='bbox 1009 3763 1148 3829; x_wconf 87' lang='lat' dir='ltr'>exactio.</span> <span class='ocrx_word' id='word_1_301' title='bbox 1192 3765 1327 3849; x_wconf 90' lang='lat' dir='ltr'>quaesi</span> 
     </span>
    </p>
   </div>
   <div class='ocr_carea' id='block_1_3' title="bbox 158 4047 1389 4458">
    <p class='ocr_par' dir='ltr' id='par_1_3' title="bbox 158 4047 1389 4109">
     <span class='ocr_line' id='line_1_35' title="bbox 158 4047 1389 4109; baseline 0.002 -5"><span class='ocrx_word' id='word_1_302' title='bbox 158 4089 162 4094; x_wconf 89' lang='lat'>-</span> <span class='ocrx_word' id='word_1_303' title='bbox 255 4048 388 4104; x_wconf 77' lang='lat' dir='ltr'>sdicitur</span> <span class='ocrx_word' id='word_1_304' title='bbox 401 4048 460 4104; x_wconf 78' lang='lat' dir='ltr'>Gal.</span> <span class='ocrx_word' id='word_1_305' title='bbox 473 4047 537 4106; x_wconf 82' lang='lat' dir='ltr'>Jur.</span> <span class='ocrx_word' id='word_1_306' title='bbox 549 4054 574 4108; x_wconf 88' lang='lat'>1.</span> <span class='ocrx_word' id='word_1_307' title='bbox 592 4047 668 4109; x_wconf 82' lang='lat' dir='ltr'>Lcct.</span> <span class='ocrx_word' id='word_1_308' title='bbox 680 4053 704 4104; x_wconf 86' lang='lat'>1.</span> <span class='ocrx_word' id='word_1_309' title='bbox 717 4047 850 4103; x_wconf 87' lang='lat' dir='ltr'>dicuntur</span> <span class='ocrx_word' id='word_1_310' title='bbox 867 4048 942 4109; x_wconf 82' lang='lat' dir='ltr'>Lect.</span> <span class='ocrx_word' id='word_1_311' title='bbox 953 4050 981 4106; x_wconf 78' lang='lat'>2.</span> <span class='ocrx_word' id='word_1_312' title='bbox 992 4050 1025 4104; x_wconf 78' lang='lat' dir='ltr'>ia</span> <span class='ocrx_word' id='word_1_313' title='bbox 1037 4067 1084 4106; x_wconf 82' lang='lat' dir='ltr'>ma.</span> <span class='ocrx_word' id='word_1_314' title='bbox 1096 4051 1173 4106; x_wconf 77' lang='lat' dir='ltr'>Pau.</span> <span class='ocrx_word' id='word_1_315' title='bbox 1184 4067 1238 4106; x_wconf 80' lang='lat' dir='ltr'>acac</span> <span class='ocrx_word' id='word_1_316' title='bbox 1249 4051 1327 4106; x_wconf 74' lang='lat' dir='ltr'>dicit.</span> <span class='ocrx_word' id='word_1_317' title='bbox 1386 4068 1389 4074; x_wconf 91' lang='lat'>·</span> 
     </span>
    </p>

    <p class='ocr_par' dir='ltr' id='par_1_4' title="bbox 237 4115 1327 4188">
     <span class='ocr_line' id='line_1_36' title="bbox 237 4115 1327 4188; baseline 0.002 -17"><span class='ocrx_word' id='word_1_318' title='bbox 237 4115 378 4171; x_wconf 72' lang='lat' dir='ltr'>tdudum</span> <span class='ocrx_word' id='word_1_319' title='bbox 396 4123 429 4171; x_wconf 72' lang='grc' dir='ltr'>τε</span> <span class='ocrx_word' id='word_1_320' title='bbox 447 4117 570 4186; x_wconf 88' lang='lat' dir='ltr'>primum</span> <span class='ocrx_word' id='word_1_321' title='bbox 588 4118 649 4173; x_wconf 84' lang='lat' dir='ltr'>edd.</span> <span class='ocrx_word' id='word_1_322' title='bbox 701 4123 762 4171; x_wconf 75' lang='lat' dir='ltr'>sne</span> <span class='ocrx_word' id='word_1_323' title='bbox 784 4124 889 4171; x_wconf 73' lang='lat' dir='ltr'>oonsr</span> <span class='ocrx_word' id='word_1_324' title='bbox 942 4117 1129 4173; x_wconf 72' lang='lat' dir='ltr'>tdicoretur‘?</span> <span class='ocrx_word' id='word_1_325' title='bbox 1182 4126 1327 4188; x_wconf 71' lang='lat' dir='ltr'>sparsona</span> 
     </span>
    </p>

    <p class='ocr_par' dir='ltr' id='par_1_5' title="bbox 183 4135 1326 4322">
     <span class='ocr_line' id='line_1_37' title="bbox 185 4135 1326 4255; baseline 0.001 -16"><span class='ocrx_word' id='word_1_326' title='bbox 185 4192 207 4239; x_wconf 78' lang='lat'>1·</span> <span class='ocrx_word' id='word_1_327' title='bbox 261 4185 422 4239; x_wconf 67' lang='lat' dir='ltr'>10tcrc1or</span> <span class='ocrx_word' id='word_1_328' title='bbox 475 4190 505 4238; x_wconf 87' lang='lat' dir='ltr'>ll</span> <span class='ocrx_word' id='word_1_329' title='bbox 517 4183 740 4254; x_wconf 86' lang='lat' dir='ltr'>praedecessoris</span> <span class='ocrx_word' id='word_1_330' title='bbox 750 4135 812 4239; x_wconf 66' lang='lat' dir='ltr'>edd.</span> <span class='ocrx_word' id='word_1_331' title='bbox 865 4186 1045 4254; x_wconf 71' lang='lat' dir='ltr'>taprobauit,</span> <span class='ocrx_word' id='word_1_332' title='bbox 1064 4187 1172 4241; x_wconf 87' lang='lat' dir='ltr'>aerario</span> <span class='ocrx_word' id='word_1_333' title='bbox 1181 4188 1326 4255; x_wconf 88' lang='lat' dir='ltr'>tamquam</span> 
     </span>
     <span class='ocr_line' id='line_1_38' title="bbox 183 4251 1272 4322; baseline 0 -14"><span class='ocrx_word' id='word_1_334' title='bbox 183 4252 250 4308; x_wconf 82' lang='lat' dir='ltr'>cdd.</span> <span class='ocrx_word' id='word_1_335' title='bbox 309 4258 339 4306; x_wconf 82' lang='lat'>17</span> <span class='ocrx_word' id='word_1_336' title='bbox 352 4251 575 4320; x_wconf 86' lang='lat' dir='ltr'>praedecessoris</span> <span class='ocrx_word' id='word_1_337' title='bbox 592 4253 653 4307; x_wconf 85' lang='lat' dir='ltr'>edd.</span> <span class='ocrx_word' id='word_1_338' title='bbox 711 4259 744 4306; x_wconf 90' lang='grc'>22</span> <span class='ocrx_word' id='word_1_339' title='bbox 781 4253 902 4307; x_wconf 91' lang='lat' dir='ltr'>uomodo</span> <span class='ocrx_word' id='word_1_340' title='bbox 920 4253 1061 4308; x_wconf 72' lang='lat' dir='ltr'>Maraccus</span> <span class='ocrx_word' id='word_1_341' title='bbox 1077 4255 1153 4308; x_wconf 83' lang='lat' dir='ltr'>Lect.</span> <span class='ocrx_word' id='word_1_342' title='bbox 1170 4256 1197 4312; x_wconf 78' lang='lat'>2.</span> <span class='ocrx_word' id='word_1_343' title='bbox 1214 4270 1272 4322; x_wconf 79' lang='lat' dir='ltr'>sqq.</span> 
     </span>
    </p>

    <p class='ocr_par' dir='ltr' id='par_1_6' title="bbox 184 4270 1325 4389">
     <span class='ocr_line' id='line_1_39' title="bbox 184 4270 1325 4389; baseline 0 -13"><span class='ocrx_word' id='word_1_344' title='bbox 184 4327 221 4376; x_wconf 84' lang='grc'>23</span> <span class='ocrx_word' id='word_1_345' title='bbox 271 4319 368 4373; x_wconf 86' lang='lat' dir='ltr'>auium</span> <span class='ocrx_word' id='word_1_346' title='bbox 386 4320 472 4373; x_wconf 87' lang='lat' dir='ltr'>etiam</span> <span class='ocrx_word' id='word_1_347' title='bbox 490 4320 551 4375; x_wconf 84' lang='lat' dir='ltr'>cdd.</span> <span class='ocrx_word' id='word_1_348' title='bbox 604 4327 638 4375; x_wconf 86' lang='grc'>24</span> <span class='ocrx_word' id='word_1_349' title='bbox 655 4326 746 4389; x_wconf 75' lang='lat' dir='ltr'>poena</span> <span class='ocrx_word' id='word_1_350' title='bbox 762 4270 888 4374; x_wconf 68' lang='lat' dir='ltr'>lmemr</span> <span class='ocrx_word' id='word_1_351' title='bbox 945 4326 1059 4374; x_wconf 60' lang='lat' dir='ltr'>error?</span> <span class='ocrx_word' id='word_1_352' title='bbox 1110 4327 1144 4375; x_wconf 87' lang='grc'>28</span> <span class='ocrx_word' id='word_1_353' title='bbox 1156 4321 1325 4376; x_wconf 88' lang='lat' dir='ltr'>sententiam</span> 
     </span>
    </p>

    <p class='ocr_par' dir='ltr' id='par_1_7' title="bbox 183 4385 1332 4458">
     <span class='ocr_line' id='line_1_40' title="bbox 183 4385 1332 4458; baseline 0.004 -17"><span class='ocrx_word' id='word_1_354' title='bbox 183 4393 212 4447; x_wconf 78' lang='lat' dir='ltr'>at</span> <span class='ocrx_word' id='word_1_355' title='bbox 251 4385 428 4457; x_wconf 84' lang='lat' dir='ltr'>epromplcm</span> <span class='ocrx_word' id='word_1_356' title='bbox 446 4387 508 4445; x_wconf 86' lang='lat' dir='ltr'>edd.</span> <span class='ocrx_word' id='word_1_357' title='bbox 570 4394 950 4444; x_wconf 70' lang='lat' dir='ltr'>311usaea1ussacorr.r</span> <span class='ocrx_word' id='word_1_358' title='bbox 1018 4395 1051 4443; x_wconf 82' lang='grc'>33</span> <span class='ocrx_word' id='word_1_359' title='bbox 1069 4388 1146 4443; x_wconf 89' lang='lat' dir='ltr'>urbis</span> <span class='ocrx_word' id='word_1_360' title='bbox 1163 4388 1225 4445; x_wconf 81' lang='lat' dir='ltr'>edd.</span> <span class='ocrx_word' id='word_1_361' title='bbox 1329 4453 1332 4458; x_wconf 47' lang='grc'>,</span> 
     </span>
    </p>
   </div>
   <div class='ocr_carea' id='block_1_4' title="bbox 0 0 1491 5122">
    <p class='ocr_par' dir='ltr' id='par_1_8' title="bbox 0 0 1491 5122">
     <span class='ocr_line' id='line_1_41' title="bbox 0 0 1491 5122; baseline 0 0"><span class='ocrx_word' id='word_1_362' title='bbox 0 0 1491 5122; x_wconf 95' lang='lat' dir='ltr'> </span> 
     </span>
    </p>
   </div>
  </div>
 </body>
</html>
