<?xml version="1.0" encoding="UTF-8"?>
<!DOCTYPE html PUBLIC "-//W3C//DTD XHTML 1.0 Transitional//EN"
    "http://www.w3.org/TR/xhtml1/DTD/xhtml1-transitional.dtd">
<html xmlns="http://www.w3.org/1999/xhtml" xml:lang="en" lang="en">
 <head>
  <title>
</title>
<meta http-equiv="Content-Type" content="text/html;charset=utf-8" />
  <meta name='ocr-system' content='tesseract 3.04.00' />
  <meta name='ocr-capabilities' content='ocr_page ocr_carea ocr_par ocr_line ocrx_word'/>
</head>
<body>
  <div class='ocr_page' id='page_1' title='image "./qaureliisymnach00meyegoog_0026.png"; bbox 0 0 2970 5122; ppageno 0'>
   <div class='ocr_carea' id='block_1_1' title="bbox 440 365 1246 432">
    <p class='ocr_par' dir='ltr' id='par_1_1' title="bbox 440 365 1246 432">
     <span class='ocr_line' id='line_1_1' title="bbox 440 365 1246 432; baseline -0.005 0"><span class='ocrx_word' id='word_1_1' title='bbox 440 381 621 432; x_wconf 72' lang='lat' dir='ltr'>srunaom</span> <span class='ocrx_word' id='word_1_2' title='bbox 642 381 798 431; x_wconf 74' lang='lat' dir='ltr'>aunario</span> <span class='ocrx_word' id='word_1_3' title='bbox 823 373 851 430; x_wconf 88' lang='lat'>6.</span> <span class='ocrx_word' id='word_1_4' title='bbox 876 373 903 429; x_wconf 81' lang='lat'>7.</span> <span class='ocrx_word' id='word_1_5' title='bbox 1207 365 1246 428; x_wconf 85' lang='lat'>13</span> 
     </span>
    </p>
   </div>
   <div class='ocr_carea' id='block_1_2' title="bbox 59 514 1356 1935">
    <p class='ocr_par' dir='ltr' id='par_1_2' title="bbox 59 514 1356 1935">
     <span class='ocr_line' id='line_1_2' title="bbox 97 514 1246 604; baseline -0.003 -23"><span class='ocrx_word' id='word_1_6' title='bbox 97 517 170 582; x_wconf 90' lang='lat' dir='ltr'>bita</span> <span class='ocrx_word' id='word_1_7' title='bbox 184 520 319 603; x_wconf 85' lang='lat' dir='ltr'>repetit,</span> <span class='ocrx_word' id='word_1_8' title='bbox 343 541 427 604; x_wconf 88' lang='lat' dir='ltr'>quae</span> <span class='ocrx_word' id='word_1_9' title='bbox 442 519 619 599; x_wconf 76' lang='lat' dir='ltr'>aeternitas</span> <span class='ocrx_word' id='word_1_10' title='bbox 635 528 745 582; x_wconf 90' lang='lat' dir='ltr'>uestra</span> <span class='ocrx_word' id='word_1_11' title='bbox 760 528 876 603; x_wconf 89' lang='lat' dir='ltr'>sponte</span> <span class='ocrx_word' id='word_1_12' title='bbox 891 517 1055 603; x_wconf 84' lang='lat' dir='ltr'><strong>promisit,</strong></span> <span class='ocrx_word' id='word_1_13' title='bbox 1079 539 1143 581; x_wconf 93' lang='lat' dir='ltr'>non</span> <span class='ocrx_word' id='word_1_14' title='bbox 1158 514 1246 602; x_wconf 89' lang='lat' dir='ltr'>quod</span> 
     </span>
     <span class='ocr_line' id='line_1_3' title="bbox 98 620 1245 707; baseline -0.003 -24"><span class='ocrx_word' id='word_1_15' title='bbox 98 620 163 683; x_wconf 86' lang='lat' dir='ltr'>sibi</span> <span class='ocrx_word' id='word_1_16' title='bbox 187 621 361 686; x_wconf 91' lang='lat' dir='ltr'>tribuenda</span> <span class='ocrx_word' id='word_1_17' title='bbox 384 620 515 685; x_wconf 89' lang='lat' dir='ltr'>diffidat</span> <span class='ocrx_word' id='word_1_18' title='bbox 540 660 577 671; x_wconf 82' lang='lat'>-</span> <span class='ocrx_word' id='word_1_19' title='bbox 601 642 760 707; x_wconf 83' lang='lat' dir='ltr'><strong>nusquam</strong></span> <span class='ocrx_word' id='word_1_20' title='bbox 776 621 860 682; x_wconf 92' lang='lat' dir='ltr'>enim</span> <span class='ocrx_word' id='word_1_21' title='bbox 885 621 988 683; x_wconf 91' lang='lat' dir='ltr'>maior</span> <span class='ocrx_word' id='word_1_22' title='bbox 1002 639 1070 700; x_wconf 78' lang='lat' dir='ltr'>spes</span> <span class='ocrx_word' id='word_1_23' title='bbox 1085 627 1133 683; x_wconf 89' lang='lat' dir='ltr'>est</span> <span class='ocrx_word' id='word_1_24' title='bbox 1148 639 1245 704; x_wconf 90' lang='lat' dir='ltr'>quam</span> 
     </span>
     <span class='ocr_line' id='line_1_4' title="bbox 97 722 1246 810; baseline -0.003 -24"><span class='ocrx_word' id='word_1_25' title='bbox 97 725 132 786; x_wconf 93' lang='lat' dir='ltr'>in</span> <span class='ocrx_word' id='word_1_26' title='bbox 161 722 317 787; x_wconf 91' lang='lat' dir='ltr'>bonorum</span> <span class='ocrx_word' id='word_1_27' title='bbox 346 725 528 810; x_wconf 76' lang='lat' dir='ltr'>principum</span> <span class='ocrx_word' id='word_1_28' title='bbox 557 725 738 809; x_wconf 9' lang='lat' dir='ltr'>sponsione?</span> <span class='ocrx_word' id='word_1_29' title='bbox 757 763 798 770; x_wconf 84' lang='lat'>—</span> <span class='ocrx_word' id='word_1_30' title='bbox 828 744 942 785; x_wconf 91' lang='lat' dir='ltr'>uerum</span> <span class='ocrx_word' id='word_1_31' title='bbox 970 743 1010 784; x_wconf 90' lang='lat' dir='ltr'>ne</span> <span class='ocrx_word' id='word_1_32' title='bbox 1039 722 1246 803; x_wconf 76' lang='lat' dir='ltr'>existimetur</span> 
     </span>
     <span class='ocr_line' id='line_1_5' title="bbox 98 824 1278 911; baseline -0.006 -22"><span class='ocrx_word' id='word_1_33' title='bbox 98 825 210 889; x_wconf 90' lang='lat' dir='ltr'>oblata</span> <span class='ocrx_word' id='word_1_34' title='bbox 231 826 406 890; x_wconf 81' lang='lat' dir='ltr'>fastidiose</span> <span class='ocrx_word' id='word_1_35' title='bbox 429 847 576 911; x_wconf 87' lang='lat' dir='ltr'>sperare,</span> <span class='ocrx_word' id='word_1_36' title='bbox 600 826 663 888; x_wconf 92' lang='lat' dir='ltr'>nisi</span> <span class='ocrx_word' id='word_1_37' title='bbox 685 828 845 888; x_wconf 83' lang='lat' dir='ltr'>instanter</span> <span class='ocrx_word' id='word_1_38' title='bbox 866 826 1020 908; x_wconf 82' lang='lat' dir='ltr'>exegerit.</span> <span class='ocrx_word' id='word_1_39' title='bbox 1058 833 1129 887; x_wconf 90' lang='lat' dir='ltr'>orat</span> <span class='ocrx_word' id='word_1_40' title='bbox 1144 824 1245 907; x_wconf 82' lang='lat' dir='ltr'>igitur</span> <span class='ocrx_word' id='word_1_41' title='bbox 1263 835 1278 882; x_wconf 81' lang='lat' dir='ltr'>a</span> 
     </span>
     <span class='ocr_line' id='line_1_6' title="bbox 70 926 1245 1014; baseline 0.001 -25"><span class='ocrx_word' id='word_1_42' title='bbox 70 927 304 992; x_wconf 74' lang='lat' dir='ltr'>aelementiam</span> <span class='ocrx_word' id='word_1_43' title='bbox 327 939 487 1011; x_wconf 83' lang='lat' dir='ltr'>uestram,</span> <span class='ocrx_word' id='word_1_44' title='bbox 511 938 551 999; x_wconf 86' lang='lat' dir='ltr'>ut</span> <span class='ocrx_word' id='word_1_45' title='bbox 569 938 643 1014; x_wconf 90' lang='lat' dir='ltr'>post</span> <span class='ocrx_word' id='word_1_46' title='bbox 665 926 721 989; x_wconf 91' lang='lat' dir='ltr'>illa</span> <span class='ocrx_word' id='word_1_47' title='bbox 736 926 897 1009; x_wconf 83' lang='lat' dir='ltr'>subsidia,</span> <span class='ocrx_word' id='word_1_48' title='bbox 920 948 1003 1012; x_wconf 90' lang='lat' dir='ltr'>quae</span> <span class='ocrx_word' id='word_1_49' title='bbox 1018 926 1120 989; x_wconf 88' lang='lat' dir='ltr'>uictui</span> <span class='ocrx_word' id='word_1_50' title='bbox 1135 935 1245 990; x_wconf 85' lang='lat' dir='ltr'>nostro</span> 
     </span>
     <span class='ocr_line' id='line_1_7' title="bbox 97 1028 1356 1119; baseline -0.001 -26"><span class='ocrx_word' id='word_1_51' title='bbox 97 1032 236 1115; x_wconf 90' lang='lat' dir='ltr'>largitas</span> <span class='ocrx_word' id='word_1_52' title='bbox 260 1041 369 1096; x_wconf 88' lang='lat' dir='ltr'>uestra</span> <span class='ocrx_word' id='word_1_53' title='bbox 384 1031 585 1117; x_wconf 85' lang='lat' dir='ltr'>praestabit,</span> <span class='ocrx_word' id='word_1_54' title='bbox 609 1030 705 1092; x_wconf 87' lang='lat' dir='ltr'>etiam</span> <span class='ocrx_word' id='word_1_55' title='bbox 730 1029 857 1093; x_wconf 87' lang='lat' dir='ltr'>curules</span> <span class='ocrx_word' id='word_1_56' title='bbox 880 1050 919 1091; x_wconf 88' lang='lat' dir='ltr'>ac</span> <span class='ocrx_word' id='word_1_57' title='bbox 935 1028 1080 1094; x_wconf 88' lang='lat' dir='ltr'>scenicas</span> <span class='ocrx_word' id='word_1_58' title='bbox 1096 1028 1245 1116; x_wconf 80' lang='lat' dir='ltr'>uolupta-</span> <span class='ocrx_word' id='word_1_59' title='bbox 1353 1117 1356 1119; x_wconf 24' lang='lat'><strong><em>‚</em></strong></span> 
     </span>
     <span class='ocr_line' id='line_1_8' title="bbox 97 1122 1246 1219; baseline 0 -24"><span class='ocrx_word' id='word_1_60' title='bbox 97 1143 147 1196; x_wconf 90' lang='lat' dir='ltr'>tes</span> <span class='ocrx_word' id='word_1_61' title='bbox 172 1136 257 1197; x_wconf 91' lang='lat' dir='ltr'>circo</span> <span class='ocrx_word' id='word_1_62' title='bbox 280 1122 312 1199; x_wconf 74' lang='lat' dir='ltr'>et</span> <span class='ocrx_word' id='word_1_63' title='bbox 327 1132 545 1219; x_wconf 86' lang='lat' dir='ltr'>Pompeianae</span> <span class='ocrx_word' id='word_1_64' title='bbox 568 1153 687 1194; x_wconf 87' lang='lat' dir='ltr'>caueae</span> <span class='ocrx_word' id='word_1_65' title='bbox 711 1134 908 1215; x_wconf 82' lang='lat' dir='ltr'>suggeratis,</span> <span class='ocrx_word' id='word_1_66' title='bbox 946 1132 996 1195; x_wconf 88' lang='lat' dir='ltr'>his</span> <span class='ocrx_word' id='word_1_67' title='bbox 1019 1131 1104 1195; x_wconf 91' lang='lat' dir='ltr'>enim</span> <span class='ocrx_word' id='word_1_68' title='bbox 1125 1131 1246 1215; x_wconf 84' lang='lat' dir='ltr'>gaudet</span> 
     </span>
     <span class='ocr_line' id='line_1_9' title="bbox 97 1231 1244 1319; baseline -0.002 -20"><span class='ocrx_word' id='word_1_69' title='bbox 97 1237 223 1300; x_wconf 90' lang='lat' dir='ltr'>urbana</span> <span class='ocrx_word' id='word_1_70' title='bbox 245 1236 369 1300; x_wconf 88' lang='lat' dir='ltr'>laetitia</span> <span class='ocrx_word' id='word_1_71' title='bbox 377 1284 385 1317; x_wconf 91' lang='lat'><strong><em>,</em></strong></span> <span class='ocrx_word' id='word_1_72' title='bbox 410 1237 502 1299; x_wconf 92' lang='lat' dir='ltr'>cuius</span> <span class='ocrx_word' id='word_1_73' title='bbox 526 1233 723 1297; x_wconf 89' lang='lat' dir='ltr'>desiderium</span> <span class='ocrx_word' id='word_1_74' title='bbox 740 1231 976 1319; x_wconf 83' lang='lat' dir='ltr'>pollicitatione</span> <span class='ocrx_word' id='word_1_75' title='bbox 991 1234 1150 1296; x_wconf 87' lang='lat' dir='ltr'>mouistis.</span> <span class='ocrx_word' id='word_1_76' title='bbox 1189 1255 1244 1297; x_wconf 90' lang='lat' dir='ltr'>ex-</span> 
     </span>
     <span class='ocr_line' id='line_1_10' title="bbox 98 1335 1243 1423; baseline -0.002 -22"><span class='ocrx_word' id='word_1_77' title='bbox 98 1348 271 1423; x_wconf 89' lang='lat' dir='ltr'>pectantur</span> <span class='ocrx_word' id='word_1_78' title='bbox 297 1339 416 1402; x_wconf 84' lang='lat' dir='ltr'>cotidie</span> <span class='ocrx_word' id='word_1_79' title='bbox 442 1337 566 1417; x_wconf 88' lang='lat' dir='ltr'>nuntii,</span> <span class='ocrx_word' id='word_1_80' title='bbox 596 1337 650 1421; x_wconf 94' lang='lat' dir='ltr'>qui</span> <span class='ocrx_word' id='word_1_81' title='bbox 675 1337 894 1422; x_wconf 88' lang='lat' dir='ltr'>propinquare</span> <span class='ocrx_word' id='word_1_82' title='bbox 916 1335 989 1399; x_wconf 90' lang='lat' dir='ltr'>urbi</span> <span class='ocrx_word' id='word_1_83' title='bbox 1013 1358 1148 1399; x_wconf 88' lang='lat' dir='ltr'>munera</span> <span class='ocrx_word' id='word_1_84' title='bbox 1171 1359 1243 1422; x_wconf 92' lang='lat' dir='ltr'>pro-</span> 
     </span>
     <span class='ocr_line' id='line_1_11' title="bbox 59 1438 1243 1523; baseline -0.001 -21"><span class='ocrx_word' id='word_1_85' title='bbox 59 1462 85 1496; x_wconf 83' lang='grc' dir='ltr'>ιο</span> <span class='ocrx_word' id='word_1_86' title='bbox 100 1441 203 1505; x_wconf 90' lang='lat' dir='ltr'>missa</span> <span class='ocrx_word' id='word_1_87' title='bbox 230 1440 432 1505; x_wconf 86' lang='lat' dir='ltr'>confirment.</span> <span class='ocrx_word' id='word_1_88' title='bbox 483 1438 668 1523; x_wconf 84' lang='lat' dir='ltr'>aurigarum</span> <span class='ocrx_word' id='word_1_89' title='bbox 698 1447 730 1501; x_wconf 93' lang='lat' dir='ltr'>et</span> <span class='ocrx_word' id='word_1_90' title='bbox 762 1460 916 1523; x_wconf 91' lang='lat' dir='ltr'>equorum</span> <span class='ocrx_word' id='word_1_91' title='bbox 948 1438 1034 1502; x_wconf 88' lang='lat' dir='ltr'>fama</span> <span class='ocrx_word' id='word_1_92' title='bbox 1061 1438 1243 1522; x_wconf 81' lang='lat' dir='ltr'>colligitur3</span> 
     </span>
     <span class='ocr_line' id='line_1_12' title="bbox 99 1541 1244 1628; baseline -0.002 -21"><span class='ocrx_word' id='word_1_93' title='bbox 99 1565 195 1608; x_wconf 91' lang='lat' dir='ltr'>omne</span> <span class='ocrx_word' id='word_1_94' title='bbox 217 1541 402 1606; x_wconf 92' lang='lat' dir='ltr'>uehiculum</span> <span class='ocrx_word' id='word_1_95' title='bbox 426 1564 521 1628; x_wconf 82' lang='lat' dir='ltr'>omne</span> <span class='ocrx_word' id='word_1_96' title='bbox 543 1542 713 1623; x_wconf 88' lang='lat' dir='ltr'>nauigium</span> <span class='ocrx_word' id='word_1_97' title='bbox 735 1541 882 1606; x_wconf 90' lang='lat' dir='ltr'>scenicos</span> <span class='ocrx_word' id='word_1_98' title='bbox 904 1541 1044 1605; x_wconf 89' lang='lat' dir='ltr'>artifices</span> <span class='ocrx_word' id='word_1_99' title='bbox 1066 1541 1244 1605; x_wconf 88' lang='lat' dir='ltr'>aduexisse</span> 
     </span>
     <span class='ocr_line' id='line_1_13' title="bbox 97 1642 1244 1728; baseline -0.001 -20"><span class='ocrx_word' id='word_1_100' title='bbox 97 1646 247 1709; x_wconf 88' lang='lat' dir='ltr'>iactatur.</span> <span class='ocrx_word' id='word_1_101' title='bbox 287 1655 318 1708; x_wconf 90' lang='lat' dir='ltr'>et</span> <span class='ocrx_word' id='word_1_102' title='bbox 341 1655 448 1708; x_wconf 89' lang='lat' dir='ltr'>tamen</span> <span class='ocrx_word' id='word_1_103' title='bbox 472 1667 563 1709; x_wconf 90' lang='lat' dir='ltr'>amor</span> <span class='ocrx_word' id='word_1_104' title='bbox 584 1644 953 1728; x_wconf 85' lang='lat' dir='ltr'>perennitatisuestrae</span> <span class='ocrx_word' id='word_1_105' title='bbox 976 1645 1063 1707; x_wconf 89' lang='lat' dir='ltr'>acuit</span> <span class='ocrx_word' id='word_1_106' title='bbox 1079 1642 1244 1707; x_wconf 90' lang='lat' dir='ltr'>desideria</span> 
     </span>
     <span class='ocr_line' id='line_1_14' title="bbox 96 1745 1243 1833; baseline -0.001 -24"><span class='ocrx_word' id='word_1_107' title='bbox 96 1747 219 1833; x_wconf 83' lang='lat' dir='ltr'>plebis,</span> <span class='ocrx_word' id='word_1_108' title='bbox 243 1771 308 1813; x_wconf 92' lang='lat' dir='ltr'>non</span> <span class='ocrx_word' id='word_1_109' title='bbox 331 1747 494 1832; x_wconf 79' lang='lat' dir='ltr'>cupiditas</span> <span class='ocrx_word' id='word_1_110' title='bbox 518 1745 726 1813; x_wconf 87' lang='lat' dir='ltr'>ludicrorum.</span> <span class='ocrx_word' id='word_1_111' title='bbox 765 1745 841 1810; x_wconf 88' lang='lat' dir='ltr'>date</span> <span class='ocrx_word' id='word_1_112' title='bbox 863 1747 964 1830; x_wconf 88' lang='lat' dir='ltr'>igitur</span> <span class='ocrx_word' id='word_1_113' title='bbox 987 1748 1135 1829; x_wconf 87' lang='lat' dir='ltr'>interim,</span> <span class='ocrx_word' id='word_1_114' title='bbox 1159 1767 1243 1830; x_wconf 89' lang='lat' dir='ltr'>quae</span> 
     </span>
     <span class='ocr_line' id='line_1_15' title="bbox 96 1846 1136 1935; baseline -0.001 -23"><span class='ocrx_word' id='word_1_115' title='bbox 96 1859 269 1935; x_wconf 86' lang='lat' dir='ltr'>petuntur,</span> <span class='ocrx_word' id='word_1_116' title='bbox 292 1857 328 1912; x_wconf 96' lang='lat' dir='ltr'>ut</span> <span class='ocrx_word' id='word_1_117' title='bbox 350 1850 392 1912; x_wconf 91' lang='lat' dir='ltr'>sit</span> <span class='ocrx_word' id='word_1_118' title='bbox 414 1846 505 1913; x_wconf 91' lang='lat' dir='ltr'>locus</span> <span class='ocrx_word' id='word_1_119' title='bbox 528 1849 664 1932; x_wconf 86' lang='lat' dir='ltr'>ceteris,</span> <span class='ocrx_word' id='word_1_120' title='bbox 687 1870 770 1934; x_wconf 89' lang='lat' dir='ltr'>quac</span> <span class='ocrx_word' id='word_1_121' title='bbox 793 1851 863 1912; x_wconf 90' lang='lat' dir='ltr'>sine</span> <span class='ocrx_word' id='word_1_122' title='bbox 884 1849 949 1911; x_wconf 88' lang='lat' dir='ltr'>fine</span> <span class='ocrx_word' id='word_1_123' title='bbox 972 1848 1136 1912; x_wconf 89' lang='lat' dir='ltr'>tribuetis.</span> 
     </span>
    </p>
   </div>
   <div class='ocr_carea' id='block_1_3' title="bbox 56 2000 802 2067">
    <p class='ocr_par' dir='ltr' id='par_1_3' title="bbox 56 2000 802 2067">
     <span class='ocr_line' id='line_1_16' title="bbox 56 2000 802 2067; baseline -0.001 -2"><span class='ocrx_word' id='word_1_124' title='bbox 56 2015 82 2054; x_wconf 81' lang='lat'>1⁵</span> <span class='ocrx_word' id='word_1_125' title='bbox 545 2000 749 2067; x_wconf 84' lang='lat' dir='ltr'><strong>RELATIO</strong></span> <span class='ocrx_word' id='word_1_126' title='bbox 772 2003 802 2066; x_wconf 76' lang='lat'>7.</span> 
     </span>
    </p>
   </div>
   <div class='ocr_carea' id='block_1_4' title="bbox 166 2120 1256 2310">
    <p class='ocr_par' dir='ltr' id='par_1_4' title="bbox 166 2120 1256 2310">
     <span class='ocr_line' id='line_1_17' title="bbox 166 2120 1256 2206; baseline 0 -22"><span class='ocrx_word' id='word_1_127' title='bbox 166 2120 313 2197; x_wconf 87' lang='lat' dir='ltr'>DDNN.</span> <span class='ocrx_word' id='word_1_128' title='bbox 359 2120 592 2186; x_wconf 87' lang='lat' dir='ltr'>Theodosio</span> <span class='ocrx_word' id='word_1_129' title='bbox 616 2130 654 2185; x_wconf 89' lang='lat' dir='ltr'>et</span> <span class='ocrx_word' id='word_1_130' title='bbox 676 2121 850 2186; x_wconf 87' lang='lat' dir='ltr'>Arcadio</span> <span class='ocrx_word' id='word_1_131' title='bbox 874 2142 1029 2206; x_wconf 89' lang='lat' dir='ltr'>semper</span> <span class='ocrx_word' id='word_1_132' title='bbox 1050 2120 1173 2204; x_wconf 80' lang='lat' dir='ltr'>Augg.</span> <span class='ocrx_word' id='word_1_133' title='bbox 1255 2187 1256 2190; x_wconf 61' lang='grc'>,</span> 
     </span>
     <span class='ocr_line' id='line_1_18' title="bbox 263 2222 1079 2310; baseline -0.006 -22"><span class='ocrx_word' id='word_1_134' title='bbox 263 2223 521 2310; x_wconf 84' lang='lat' dir='ltr'>Symmachus</span> <span class='ocrx_word' id='word_1_135' title='bbox 544 2222 776 2308; x_wconf 86' lang='lat' dir='ltr'>praefectus</span> <span class='ocrx_word' id='word_1_136' title='bbox 799 2222 912 2287; x_wconf 90' lang='lat' dir='ltr'>urbis</span> <span class='ocrx_word' id='word_1_137' title='bbox 936 2232 975 2286; x_wconf 91' lang='lat' dir='ltr'>et</span> <span class='ocrx_word' id='word_1_138' title='bbox 996 2245 1028 2285; x_wconf 90' lang='lat' dir='ltr'>u.</span> <span class='ocrx_word' id='word_1_139' title='bbox 1052 2244 1079 2284; x_wconf 90' lang='lat' dir='ltr'>c.</span> 
     </span>
    </p>
   </div>
   <div class='ocr_carea' id='block_1_5' title="bbox 53 2339 1276 3761">
    <p class='ocr_par' dir='ltr' id='par_1_5' title="bbox 53 2339 1276 3761">
     <span class='ocr_line' id='line_1_19' title="bbox 182 2339 1242 2429; baseline 0 -23"><span class='ocrx_word' id='word_1_140' title='bbox 182 2339 348 2406; x_wconf 80' lang='lat' dir='ltr'>Kalendas</span> <span class='ocrx_word' id='word_1_141' title='bbox 365 2345 440 2407; x_wconf 91' lang='lat' dir='ltr'>anni</span> <span class='ocrx_word' id='word_1_142' title='bbox 456 2344 620 2429; x_wconf 84' lang='lat' dir='ltr'>auspices,</span> <span class='ocrx_word' id='word_1_143' title='bbox 644 2342 762 2428; x_wconf 91' lang='lat' dir='ltr'>quibus</span> <span class='ocrx_word' id='word_1_144' title='bbox 783 2346 943 2406; x_wconf 89' lang='lat' dir='ltr'>mensium</span> <span class='ocrx_word' id='word_1_145' title='bbox 965 2364 1116 2406; x_wconf 89' lang='lat' dir='ltr'>recursus</span> <span class='ocrx_word' id='word_1_146' title='bbox 1138 2344 1242 2429; x_wconf 91' lang='lat' dir='ltr'>aperi-</span> 
     </span>
     <span class='ocr_line' id='line_1_20' title="bbox 96 2445 1243 2530; baseline -0.001 -21"><span class='ocrx_word' id='word_1_147' title='bbox 96 2454 166 2522; x_wconf 87' lang='lat' dir='ltr'>tur,</span> <span class='ocrx_word' id='word_1_148' title='bbox 191 2446 403 2529; x_wconf 90' lang='lat' dir='ltr'>inpertiendis</span> <span class='ocrx_word' id='word_1_149' title='bbox 428 2447 546 2509; x_wconf 89' lang='lat' dir='ltr'>strenis</span> <span class='ocrx_word' id='word_1_150' title='bbox 563 2447 685 2510; x_wconf 88' lang='lat' dir='ltr'>dicauit</span> <span class='ocrx_word' id='word_1_151' title='bbox 706 2445 899 2530; x_wconf 68' lang='lat' dir='ltr'>antiquitate,</span> <span class='ocrx_word' id='word_1_152' title='bbox 923 2445 1047 2510; x_wconf 90' lang='lat' dir='ltr'>domini</span> <span class='ocrx_word' id='word_1_153' title='bbox 1071 2446 1243 2530; x_wconf 89' lang='lat' dir='ltr'>imperato-</span> 
     </span>
     <span class='ocr_line' id='line_1_21' title="bbox 55 2545 1243 2634; baseline 0.003 -24"><span class='ocrx_word' id='word_1_154' title='bbox 55 2569 149 2611; x_wconf 78' lang='lat' dir='ltr'>aores</span> <span class='ocrx_word' id='word_1_155' title='bbox 182 2545 349 2611; x_wconf 81' lang='lat' dir='ltr'>Theodosi</span> <span class='ocrx_word' id='word_1_156' title='bbox 381 2559 414 2611; x_wconf 88' lang='lat' dir='ltr'>ct</span> <span class='ocrx_word' id='word_1_157' title='bbox 447 2548 571 2611; x_wconf 81' lang='lat' dir='ltr'>Arcadi</span> <span class='ocrx_word' id='word_1_158' title='bbox 605 2548 720 2634; x_wconf 87' lang='lat' dir='ltr'>inclyti</span> <span class='ocrx_word' id='word_1_159' title='bbox 753 2550 893 2612; x_wconf 88' lang='lat' dir='ltr'>uictores</span> <span class='ocrx_word' id='word_1_160' title='bbox 927 2569 1054 2632; x_wconf 88' lang='lat' dir='ltr'>semper</span> <span class='ocrx_word' id='word_1_161' title='bbox 1087 2550 1243 2632; x_wconf 82' lang='lat' dir='ltr'>Augusti.</span> 
     </span>
     <span class='ocr_line' id='line_1_22' title="bbox 95 2648 1241 2735; baseline 0.003 -24"><span class='ocrx_word' id='word_1_162' title='bbox 95 2648 193 2711; x_wconf 91' lang='lat' dir='ltr'>huius</span> <span class='ocrx_word' id='word_1_163' title='bbox 221 2649 363 2714; x_wconf 92' lang='lat' dir='ltr'>instituti</span> <span class='ocrx_word' id='word_1_164' title='bbox 392 2672 486 2713; x_wconf 89' lang='lat' dir='ltr'>usum</span> <span class='ocrx_word' id='word_1_165' title='bbox 515 2650 753 2715; x_wconf 88' lang='lat' dir='ltr'>munificentiae</span> <span class='ocrx_word' id='word_1_166' title='bbox 785 2649 994 2714; x_wconf 88' lang='lat' dir='ltr'>festinatione</span> <span class='ocrx_word' id='word_1_167' title='bbox 1021 2651 1241 2735; x_wconf 86' lang='lat' dir='ltr'>praeuertitis,</span> 
     </span>
     <span class='ocr_line' id='line_1_23' title="bbox 98 2746 1256 2838; baseline 0 -23"><span class='ocrx_word' id='word_1_168' title='bbox 98 2772 204 2815; x_wconf 90' lang='lat' dir='ltr'>seram</span> <span class='ocrx_word' id='word_1_169' title='bbox 226 2761 379 2837; x_wconf 89' lang='lat' dir='ltr'>putantes</span> <span class='ocrx_word' id='word_1_170' title='bbox 395 2746 641 2834; x_wconf 88' lang='lat' dir='ltr'>liberalitatem,</span> <span class='ocrx_word' id='word_1_171' title='bbox 665 2774 749 2838; x_wconf 91' lang='lat' dir='ltr'>quae</span> <span class='ocrx_word' id='word_1_172' title='bbox 765 2754 895 2816; x_wconf 90' lang='lat' dir='ltr'>statutis</span> <span class='ocrx_word' id='word_1_173' title='bbox 912 2752 1112 2835; x_wconf 87' lang='lat' dir='ltr'>temporibus</span> <span class='ocrx_word' id='word_1_174' title='bbox 1129 2753 1256 2817; x_wconf 79' lang='lat' dir='ltr'>admo.</span> 
     </span>
     <span class='ocr_line' id='line_1_24' title="bbox 94 2853 1243 2940; baseline 0.002 -23"><span class='ocrx_word' id='word_1_175' title='bbox 94 2863 199 2918; x_wconf 88' lang='lat' dir='ltr'>uetur.</span> <span class='ocrx_word' id='word_1_176' title='bbox 251 2853 331 2918; x_wconf 85' lang='lat' dir='ltr'>felix</span> <span class='ocrx_word' id='word_1_177' title='bbox 358 2877 410 2918; x_wconf 92' lang='lat' dir='ltr'>me</span> <span class='ocrx_word' id='word_1_178' title='bbox 437 2854 567 2919; x_wconf 88' lang='lat' dir='ltr'>hercule</span> <span class='ocrx_word' id='word_1_179' title='bbox 594 2853 776 2936; x_wconf 87' lang='lat' dir='ltr'>saeculum,</span> <span class='ocrx_word' id='word_1_180' title='bbox 805 2876 869 2939; x_wconf 89' lang='lat' dir='ltr'>quo</span> <span class='ocrx_word' id='word_1_181' title='bbox 896 2855 1060 2940; x_wconf 87' lang='lat' dir='ltr'>principes</span> <span class='ocrx_word' id='word_1_182' title='bbox 1088 2855 1243 2920; x_wconf 91' lang='lat' dir='ltr'>cohibere</span> 
     </span>
     <span class='ocr_line' id='line_1_25' title="bbox 97 2950 1244 3039; baseline 0.001 -18"><span class='ocrx_word' id='word_1_183' title='bbox 97 2956 153 3021; x_wconf 90' lang='lat' dir='ltr'>diu</span> <span class='ocrx_word' id='word_1_184' title='bbox 174 2950 324 3020; x_wconf 82' lang='lat' dir='ltr'>nesciunt</span> <span class='ocrx_word' id='word_1_185' title='bbox 345 2957 520 3022; x_wconf 89' lang='lat' dir='ltr'>tribuenda</span> <span class='ocrx_word' id='word_1_186' title='bbox 542 2956 685 3039; x_wconf 82' lang='lat' dir='ltr'>deuotis,</span> <span class='ocrx_word' id='word_1_187' title='bbox 715 2979 787 3019; x_wconf 89' lang='lat' dir='ltr'>cum</span> <span class='ocrx_word' id='word_1_188' title='bbox 817 2957 881 3021; x_wconf 82' lang='lat' dir='ltr'>sibi</span> <span class='ocrx_word' id='word_1_189' title='bbox 909 2956 1022 3021; x_wconf 91' lang='lat' dir='ltr'>debita</span> <span class='ocrx_word' id='word_1_190' title='bbox 1049 2967 1244 3028; x_wconf 89' lang='lat' dir='ltr'>cunctentur</span> 
     </span>
     <span class='ocr_line' id='line_1_26' title="bbox 55 3058 1276 3146; baseline 0.007 -27"><span class='ocrx_word' id='word_1_191' title='bbox 55 3079 82 3119; x_wconf 79' lang='lat'>25</span> <span class='ocrx_word' id='word_1_192' title='bbox 103 3059 244 3143; x_wconf 85' lang='lat' dir='ltr'>exigere.</span> <span class='ocrx_word' id='word_1_193' title='bbox 297 3059 482 3144; x_wconf 88' lang='lat' dir='ltr'>quid-ergo</span> <span class='ocrx_word' id='word_1_194' title='bbox 509 3062 665 3145; x_wconf 90' lang='lat' dir='ltr'>primum,</span> <span class='ocrx_word' id='word_1_195' title='bbox 695 3058 774 3144; x_wconf 90' lang='lat' dir='ltr'>quid</span> <span class='ocrx_word' id='word_1_196' title='bbox 802 3059 1006 3144; x_wconf 87' lang='lat' dir='ltr'>potissimum</span> <span class='ocrx_word' id='word_1_197' title='bbox 1033 3060 1276 3146; x_wconf 75' lang='lat' dir='ltr'>praedicemfa</span> 
     </span>
     <span class='ocr_line' id='line_1_27' title="bbox 95 3159 1241 3247; baseline 0.003 -22"><span class='ocrx_word' id='word_1_198' title='bbox 95 3170 280 3247; x_wconf 84' lang='lat' dir='ltr'>promptam</span> <span class='ocrx_word' id='word_1_199' title='bbox 303 3163 445 3224; x_wconf 91' lang='lat' dir='ltr'>numinis</span> <span class='ocrx_word' id='word_1_200' title='bbox 466 3164 568 3225; x_wconf 91' lang='lat' dir='ltr'>uestri</span> <span class='ocrx_word' id='word_1_201' title='bbox 591 3170 623 3224; x_wconf 89' lang='lat' dir='ltr'>et</span> <span class='ocrx_word' id='word_1_202' title='bbox 642 3161 778 3225; x_wconf 88' lang='lat' dir='ltr'>celerem</span> <span class='ocrx_word' id='word_1_203' title='bbox 801 3159 985 3244; x_wconf 89' lang='lat' dir='ltr'>largitatem</span> <span class='ocrx_word' id='word_1_204' title='bbox 1013 3182 1054 3223; x_wconf 92' lang='lat' dir='ltr'>an</span> <span class='ocrx_word' id='word_1_205' title='bbox 1077 3164 1164 3226; x_wconf 89' lang='lat' dir='ltr'>circa</span> <span class='ocrx_word' id='word_1_206' title='bbox 1184 3163 1241 3228; x_wconf 89' lang='lat' dir='ltr'>ab·</span> 
     </span>
     <span class='ocr_line' id='line_1_28' title="bbox 95 3261 1240 3350; baseline 0.001 -23"><span class='ocrx_word' id='word_1_207' title='bbox 95 3271 206 3327; x_wconf 87' lang='lat' dir='ltr'>sentes</span> <span class='ocrx_word' id='word_1_208' title='bbox 224 3284 396 3328; x_wconf 90' lang='lat' dir='ltr'>memorem</span> <span class='ocrx_word' id='word_1_209' title='bbox 419 3261 623 3346; x_wconf 85' lang='lat' dir='ltr'>diligentiam</span> <span class='ocrx_word' id='word_1_210' title='bbox 645 3286 686 3328; x_wconf 94' lang='lat' dir='ltr'>an</span> <span class='ocrx_word' id='word_1_211' title='bbox 709 3264 796 3350; x_wconf 90' lang='lat' dir='ltr'>quod</span> <span class='ocrx_word' id='word_1_212' title='bbox 819 3285 946 3327; x_wconf 89' lang='lat' dir='ltr'>sacrum</span> <span class='ocrx_word' id='word_1_213' title='bbox 963 3287 1079 3327; x_wconf 89' lang='lat' dir='ltr'>munus</span> <span class='ocrx_word' id='word_1_214' title='bbox 1100 3266 1240 3330; x_wconf 80' lang='lat' dir='ltr'>auxistis</span> 
     </span>
     <span class='ocr_line' id='line_1_29' title="bbox 95 3364 1239 3448; baseline 0.004 -21"><span class='ocrx_word' id='word_1_215' title='bbox 95 3365 219 3429; x_wconf 87' lang='lat' dir='ltr'>honore</span> <span class='ocrx_word' id='word_1_216' title='bbox 246 3364 444 3428; x_wconf 74' lang='lat' dir='ltr'>uerborum?</span> <span class='ocrx_word' id='word_1_217' title='bbox 494 3365 614 3448; x_wconf 87' lang='lat' dir='ltr'>dicam,</span> <span class='ocrx_word' id='word_1_218' title='bbox 641 3375 678 3430; x_wconf 90' lang='lat' dir='ltr'>ut</span> <span class='ocrx_word' id='word_1_219' title='bbox 704 3388 756 3429; x_wconf 89' lang='lat' dir='ltr'>res</span> <span class='ocrx_word' id='word_1_220' title='bbox 783 3376 848 3448; x_wconf 89' lang='lat' dir='ltr'>est,</span> <span class='ocrx_word' id='word_1_221' title='bbox 877 3388 1009 3431; x_wconf 92' lang='lat' dir='ltr'>curasse</span> <span class='ocrx_word' id='word_1_222' title='bbox 1036 3368 1239 3433; x_wconf 89' lang='lat' dir='ltr'>clementiam</span> 
     </span>
     <span class='ocr_line' id='line_1_30' title="bbox 95 3467 1240 3558; baseline 0.003 -27"><span class='ocrx_word' id='word_1_223' title='bbox 95 3477 255 3546; x_wconf 90' lang='lat' dir='ltr'>uestram,</span> <span class='ocrx_word' id='word_1_224' title='bbox 284 3470 322 3530; x_wconf 84' lang='lat' dir='ltr'>ut</span> <span class='ocrx_word' id='word_1_225' title='bbox 348 3475 512 3553; x_wconf 89' lang='lat' dir='ltr'>tamquam</span> <span class='ocrx_word' id='word_1_226' title='bbox 540 3489 649 3532; x_wconf 88' lang='lat' dir='ltr'>coram</span> <span class='ocrx_word' id='word_1_227' title='bbox 677 3467 801 3532; x_wconf 88' lang='lat' dir='ltr'>locatus</span> <span class='ocrx_word' id='word_1_228' title='bbox 828 3478 860 3531; x_wconf 92' lang='lat' dir='ltr'>et</span> <span class='ocrx_word' id='word_1_229' title='bbox 882 3468 1033 3556; x_wconf 88' lang='lat' dir='ltr'>alloquiis</span> <span class='ocrx_word' id='word_1_230' title='bbox 1057 3472 1240 3558; x_wconf 87' lang='lat' dir='ltr'>principum</span> 
     </span>
     <span class='ocr_line' id='line_1_31' title="bbox 53 3568 1241 3659; baseline 0.003 -25"><span class='ocrx_word' id='word_1_231' title='bbox 53 3597 80 3634; x_wconf 82' lang='lat' dir='ltr'>ao</span> <span class='ocrx_word' id='word_1_232' title='bbox 95 3569 224 3633; x_wconf 87' lang='lat' dir='ltr'>fruerer</span> <span class='ocrx_word' id='word_1_233' title='bbox 257 3578 289 3633; x_wconf 90' lang='lat' dir='ltr'>et</span> <span class='ocrx_word' id='word_1_234' title='bbox 328 3585 468 3655; x_wconf 88' lang='lat' dir='ltr'>augusta</span> <span class='ocrx_word' id='word_1_235' title='bbox 496 3573 529 3633; x_wconf 94' lang='lat' dir='ltr'>in</span> <span class='ocrx_word' id='word_1_236' title='bbox 562 3570 643 3654; x_wconf 91' lang='lat' dir='ltr'>ipsis</span> <span class='ocrx_word' id='word_1_237' title='bbox 671 3568 765 3634; x_wconf 90' lang='lat' dir='ltr'>donis</span> <span class='ocrx_word' id='word_1_238' title='bbox 793 3592 850 3635; x_wconf 93' lang='lat' dir='ltr'>ora</span> <span class='ocrx_word' id='word_1_239' title='bbox 877 3593 1062 3635; x_wconf 89' lang='lat' dir='ltr'>uenerarer.</span> <span class='ocrx_word' id='word_1_240' title='bbox 1112 3575 1241 3659; x_wconf 90' lang='lat' dir='ltr'>quando</span> 
     </span>
     <span class='ocr_line' id='line_1_32' title="bbox 93 3671 1240 3761; baseline 0.005 -26"><span class='ocrx_word' id='word_1_241' title='bbox 93 3673 176 3736; x_wconf 90' lang='lat' dir='ltr'>milri</span> <span class='ocrx_word' id='word_1_242' title='bbox 192 3674 322 3736; x_wconf 85' lang='lat' dir='ltr'>eueniat</span> <span class='ocrx_word' id='word_1_243' title='bbox 346 3693 503 3758; x_wconf 89' lang='lat' dir='ltr'>expressa</span> <span class='ocrx_word' id='word_1_244' title='bbox 527 3671 633 3756; x_wconf 85' lang='lat' dir='ltr'>potius</span> <span class='ocrx_word' id='word_1_245' title='bbox 655 3681 688 3736; x_wconf 90' lang='lat' dir='ltr'>et</span> <span class='ocrx_word' id='word_1_246' title='bbox 704 3673 782 3737; x_wconf 90' lang='lat' dir='ltr'>uiua</span> <span class='ocrx_word' id='word_1_247' title='bbox 797 3673 917 3757; x_wconf 90' lang='lat' dir='ltr'>gaudia</span> <span class='ocrx_word' id='word_1_248' title='bbox 932 3677 1048 3761; x_wconf 86' lang='lat' dir='ltr'>&#39;capere</span> <span class='ocrx_word' id='word_1_249' title='bbox 1065 3677 1105 3739; x_wconf 91' lang='lat' dir='ltr'>de</span> <span class='ocrx_word' id='word_1_250' title='bbox 1120 3677 1240 3741; x_wconf 75' lang='lat' dir='ltr'>uobis?</span> 
     </span>
    </p>
   </div>
   <div class='ocr_carea' id='block_1_6' title="bbox 96 3821 326 3842">
    <p class='ocr_par' dir='ltr' id='par_1_6' title="bbox 96 3821 326 3842">
     <span class='ocr_line' id='line_1_33' title="bbox 96 3821 326 3842; baseline -0.004 -15"><span class='ocrx_word' id='word_1_251' title='bbox 96 3821 326 3842; x_wconf 40' lang='lat' dir='ltr'>*r*—</span> 
     </span>
    </p>
   </div>
   <div class='ocr_carea' id='block_1_7' title="bbox 90 3891 1241 4505">
    <p class='ocr_par' dir='ltr' id='par_1_7' title="bbox 94 3891 1174 4028">
     <span class='ocr_line' id='line_1_34' title="bbox 164 3891 1174 3961; baseline 0.008 -19"><span class='ocrx_word' id='word_1_252' title='bbox 164 3897 179 3942; x_wconf 74' lang='grc'>2</span> <span class='ocrx_word' id='word_1_253' title='bbox 198 3906 262 3958; x_wconf 90' lang='lat' dir='ltr'>spes</span> <span class='ocrx_word' id='word_1_254' title='bbox 284 3905 333 3946; x_wconf 87' lang='lat' dir='ltr'>om.</span> <span class='ocrx_word' id='word_1_255' title='bbox 352 3897 386 3956; x_wconf 75' lang='grc' dir='ltr'>Τ,</span> <span class='ocrx_word' id='word_1_256' title='bbox 410 3891 500 3944; x_wconf 88' lang='lat' dir='ltr'>maior</span> <span class='ocrx_word' id='word_1_257' title='bbox 517 3891 587 3944; x_wconf 90' lang='lat' dir='ltr'>fides</span> <span class='ocrx_word' id='word_1_258' title='bbox 604 3908 690 3959; x_wconf 89' lang='lat' dir='ltr'>quam</span> <span class='ocrx_word' id='word_1_259' title='bbox 707 3907 757 3946; x_wconf 81' lang='lat' dir='ltr'>aas</span> <span class='ocrx_word' id='word_1_260' title='bbox 825 3899 841 3945; x_wconf 84' lang='grc'>6</span> <span class='ocrx_word' id='word_1_261' title='bbox 859 3896 1016 3961; x_wconf 86' lang='lat' dir='ltr'>praestauit</span> <span class='ocrx_word' id='word_1_262' title='bbox 1033 3896 1174 3950; x_wconf 82' lang='lat' dir='ltr'>Merceras</span> 
     </span>
     <span class='ocr_line' id='line_1_35' title="bbox 94 3961 936 4028; baseline 0.004 -16"><span class='ocrx_word' id='word_1_263' title='bbox 94 3964 264 4012; x_wconf 70' lang='lat' dir='ltr'>animent}</span> <span class='ocrx_word' id='word_1_264' title='bbox 334 3965 364 4012; x_wconf 88' lang='lat'>10</span> <span class='ocrx_word' id='word_1_265' title='bbox 383 3966 574 4026; x_wconf 80' lang='lat' dir='ltr'>aequomm&#39;l&#39;</span> <span class='ocrx_word' id='word_1_266' title='bbox 646 3966 676 4012; x_wconf 79' lang='lat'>12</span> <span class='ocrx_word' id='word_1_267' title='bbox 694 3961 936 4028; x_wconf 78' lang='lat' dir='ltr'>perhenmtahsT</span> 
     </span>
    </p>

    <p class='ocr_par' dir='ltr' id='par_1_8' title="bbox 90 4025 1241 4505">
     <span class='ocr_line' id='line_1_36' title="bbox 164 4025 1173 4085; baseline 0.006 -7"><span class='ocrx_word' id='word_1_268' title='bbox 164 4025 214 4079; x_wconf 88' lang='lat' dir='ltr'>rel.</span> <span class='ocrx_word' id='word_1_269' title='bbox 232 4031 255 4079; x_wconf 79' lang='grc'>7.</span> <span class='ocrx_word' id='word_1_270' title='bbox 292 4025 352 4080; x_wconf 86' lang='lat' dir='ltr'>Gel.</span> <span class='ocrx_word' id='word_1_271' title='bbox 371 4032 396 4084; x_wconf 82' lang='grc'>6.</span> <span class='ocrx_word' id='word_1_272' title='bbox 429 4027 488 4080; x_wconf 91' lang='lat' dir='ltr'>Jur.</span> <span class='ocrx_word' id='word_1_273' title='bbox 511 4033 551 4085; x_wconf 78' lang='lat'>20,</span> <span class='ocrx_word' id='word_1_274' title='bbox 588 4027 649 4080; x_wconf 85' lang='lat' dir='ltr'>Par.</span> <span class='ocrx_word' id='word_1_275' title='bbox 672 4034 713 4081; x_wconf 74' lang='lat'>27.</span> <span class='ocrx_word' id='word_1_276' title='bbox 783 4028 830 4080; x_wconf 88' lang='lat' dir='ltr'>DE</span> <span class='ocrx_word' id='word_1_277' title='bbox 850 4028 1001 4083; x_wconf 81' lang='lat' dir='ltr'>STRENIS</span> <span class='ocrx_word' id='word_1_278' title='bbox 1019 4030 1173 4084; x_wconf 76' lang='lat' dir='ltr'>Misslsr</span> 
     </span>
     <span class='ocr_line' id='line_1_37' title="bbox 96 4092 1240 4153; baseline 0.003 -6"><span class='ocrx_word' id='word_1_279' title='bbox 96 4092 158 4147; x_wconf 93' lang='lat' dir='ltr'>DD.</span> <span class='ocrx_word' id='word_1_280' title='bbox 178 4093 239 4147; x_wconf 77' lang='lat' dir='ltr'>eda.</span> <span class='ocrx_word' id='word_1_281' title='bbox 311 4094 450 4147; x_wconf 92' lang='lat' dir='ltr'>Archadio</span> <span class='ocrx_word' id='word_1_282' title='bbox 468 4101 488 4147; x_wconf 76' lang='grc' dir='ltr'><strong>Τ</strong></span> <span class='ocrx_word' id='word_1_283' title='bbox 507 4096 568 4152; x_wconf 85' lang='lat' dir='ltr'>edd.</span> <span class='ocrx_word' id='word_1_284' title='bbox 640 4101 668 4149; x_wconf 79' lang='grc'>17</span> <span class='ocrx_word' id='word_1_285' title='bbox 683 4097 712 4148; x_wconf 85' lang='lat' dir='ltr'>et</span> <span class='ocrx_word' id='word_1_286' title='bbox 730 4113 792 4148; x_wconf 83' lang='lat' dir='ltr'>ao.</span> <span class='ocrx_word' id='word_1_287' title='bbox 810 4111 860 4150; x_wconf 86' lang='lat' dir='ltr'>om.</span> <span class='ocrx_word' id='word_1_288' title='bbox 879 4098 940 4151; x_wconf 84' lang='lat' dir='ltr'>cdd.</span> <span class='ocrx_word' id='word_1_289' title='bbox 1011 4106 1042 4153; x_wconf 90' lang='lat'>18</span> <span class='ocrx_word' id='word_1_290' title='bbox 1055 4106 1240 4153; x_wconf 73' lang='lat' dir='ltr'>mensuuml&#39;</span> 
     </span>
     <span class='ocr_line' id='line_1_38' title="bbox 95 4161 1241 4233; baseline 0.005 -18"><span class='ocrx_word' id='word_1_291' title='bbox 95 4161 134 4226; x_wconf 83' lang='lat' dir='ltr'>cf.</span> <span class='ocrx_word' id='word_1_292' title='bbox 143 4164 187 4226; x_wconf 83' lang='lat'>39,</span> <span class='ocrx_word' id='word_1_293' title='bbox 198 4164 250 4214; x_wconf 85' lang='lat' dir='ltr'>3et</span> <span class='ocrx_word' id='word_1_294' title='bbox 259 4161 338 4214; x_wconf 80' lang='lat' dir='ltr'>Nece</span> <span class='ocrx_word' id='word_1_295' title='bbox 348 4162 412 4218; x_wconf 84' lang='lat' dir='ltr'>Lat.</span> <span class='ocrx_word' id='word_1_296' title='bbox 422 4161 616 4216; x_wconf 82' lang='lat' dir='ltr'>Formenlehre</span> <span class='ocrx_word' id='word_1_297' title='bbox 627 4163 649 4214; x_wconf 94' lang='lat' dir='ltr'><strong><em>I</em></strong></span> <span class='ocrx_word' id='word_1_298' title='bbox 651 4178 680 4230; x_wconf 80' lang='lat' dir='ltr'>p.</span> <span class='ocrx_word' id='word_1_299' title='bbox 691 4166 745 4216; x_wconf 84' lang='lat'>265</span> <span class='ocrx_word' id='word_1_300' title='bbox 754 4169 779 4216; x_wconf 90' lang='lat' dir='ltr'>et</span> <span class='ocrx_word' id='word_1_301' title='bbox 788 4165 979 4233; x_wconf 72' lang='lat' dir='ltr'>Eyssenhardt</span> <span class='ocrx_word' id='word_1_302' title='bbox 988 4172 1054 4220; x_wconf 82' lang='lat' dir='ltr'>aute</span> <span class='ocrx_word' id='word_1_303' title='bbox 1062 4168 1241 4221; x_wconf 79' lang='lat' dir='ltr'>Ammiauam</span> 
     </span>
     <span class='ocr_line' id='line_1_39' title="bbox 90 4229 1184 4297; baseline 0.005 -16"><span class='ocrx_word' id='word_1_304' title='bbox 90 4247 122 4297; x_wconf 78' lang='lat' dir='ltr'>p.</span> <span class='ocrx_word' id='word_1_305' title='bbox 135 4229 192 4285; x_wconf 91' lang='lat' dir='ltr'>IX.</span> <span class='ocrx_word' id='word_1_306' title='bbox 253 4229 445 4282; x_wconf 77' lang='lat' dir='ltr'>19drcabrt1&#39;</span> <span class='ocrx_word' id='word_1_307' title='bbox 505 4229 564 4283; x_wconf 84' lang='lat' dir='ltr'>Dl).</span> <span class='ocrx_word' id='word_1_308' title='bbox 583 4231 644 4284; x_wconf 82' lang='lat' dir='ltr'>edd.</span> <span class='ocrx_word' id='word_1_309' title='bbox 706 4237 739 4284; x_wconf 74' lang='lat'>⁴20</span> <span class='ocrx_word' id='word_1_310' title='bbox 757 4232 916 4284; x_wconf 62' lang='lat' dir='ltr'>Archadi1⁸</span> <span class='ocrx_word' id='word_1_311' title='bbox 935 4233 996 4288; x_wconf 85' lang='lat' dir='ltr'>cdd.</span> <span class='ocrx_word' id='word_1_312' title='bbox 1057 4236 1184 4287; x_wconf 73' lang='lat' dir='ltr'>inohhl&#39;</span> 
     </span>
     <span class='ocr_line' id='line_1_40' title="bbox 94 4296 1172 4355; baseline 0.003 -5"><span class='ocrx_word' id='word_1_313' title='bbox 94 4303 128 4350; x_wconf 77' lang='lat'>22</span> <span class='ocrx_word' id='word_1_314' title='bbox 152 4296 233 4349; x_wconf 81' lang='lat' dir='ltr'>statis</span> <span class='ocrx_word' id='word_1_315' title='bbox 256 4297 318 4351; x_wconf 83' lang='lat' dir='ltr'>edd.</span> <span class='ocrx_word' id='word_1_316' title='bbox 391 4300 568 4350; x_wconf 86' lang='lat' dir='ltr'>ammonetur</span> <span class='ocrx_word' id='word_1_317' title='bbox 592 4298 651 4353; x_wconf 70' lang='lat' dir='ltr'>(iel.</span> <span class='ocrx_word' id='word_1_318' title='bbox 674 4299 739 4352; x_wconf 78' lang='lat' dir='ltr'>Jur.</span> <span class='ocrx_word' id='word_1_319' title='bbox 758 4304 783 4353; x_wconf 90' lang='lat'>1.</span> <span class='ocrx_word' id='word_1_320' title='bbox 802 4301 876 4354; x_wconf 81' lang='lat' dir='ltr'>Lect.</span> <span class='ocrx_word' id='word_1_321' title='bbox 894 4306 918 4353; x_wconf 91' lang='lat'>1.</span> <span class='ocrx_word' id='word_1_322' title='bbox 988 4308 1020 4355; x_wconf 73' lang='lat'>⁶24</span> <span class='ocrx_word' id='word_1_323' title='bbox 1039 4303 1172 4354; x_wconf 72' lang='lat' dir='ltr'>demtal&#39;</span> 
     </span>
     <span class='ocr_line' id='line_1_41' title="bbox 94 4363 1239 4444; baseline 0.005 -27"><span class='ocrx_word' id='word_1_324' title='bbox 94 4363 439 4432; x_wconf 76' lang='lat' dir='ltr'>25quodpotrss1mum1&#39;</span> <span class='ocrx_word' id='word_1_325' title='bbox 501 4371 534 4418; x_wconf 72' lang='lat'>26</span> <span class='ocrx_word' id='word_1_326' title='bbox 546 4368 743 4444; x_wconf 85' lang='lat' dir='ltr'>promptamne</span> <span class='ocrx_word' id='word_1_327' title='bbox 756 4368 817 4421; x_wconf 84' lang='lat' dir='ltr'>edd.</span> <span class='ocrx_word' id='word_1_328' title='bbox 881 4369 1059 4422; x_wconf 74' lang='lat' dir='ltr'>28drctam’l&#39;</span> <span class='ocrx_word' id='word_1_329' title='bbox 1119 4370 1239 4424; x_wconf 65' lang='lat' dir='ltr'>adlocu-</span> 
     </span>
     <span class='ocr_line' id='line_1_42' title="bbox 94 4434 705 4505; baseline 0.003 -19"><span class='ocrx_word' id='word_1_330' title='bbox 94 4434 141 4486; x_wconf 86' lang='lat' dir='ltr'>tus</span> <span class='ocrx_word' id='word_1_331' title='bbox 159 4438 179 4483; x_wconf 74' lang='lat'>1¹</span> <span class='ocrx_word' id='word_1_332' title='bbox 248 4438 278 4486; x_wconf 88' lang='grc'>31</span> <span class='ocrx_word' id='word_1_333' title='bbox 299 4435 413 4486; x_wconf 88' lang='lat' dir='ltr'>euemat</span> <span class='ocrx_word' id='word_1_334' title='bbox 430 4440 462 4487; x_wconf 70' lang='lat' dir='ltr'>r:</span> <span class='ocrx_word' id='word_1_335' title='bbox 481 4436 628 4505; x_wconf 80' lang='lat' dir='ltr'>continget</span> <span class='ocrx_word' id='word_1_336' title='bbox 643 4435 705 4490; x_wconf 81' lang='lat' dir='ltr'>edd.</span> 
     </span>
    </p>
   </div>
   <div class='ocr_carea' id='block_1_8' title="bbox 0 0 1490 5122">
    <p class='ocr_par' dir='ltr' id='par_1_9' title="bbox 0 0 1490 5122">
     <span class='ocr_line' id='line_1_43' title="bbox 0 0 1490 5122; baseline 0 0"><span class='ocrx_word' id='word_1_337' title='bbox 0 0 1490 5122; x_wconf 95' lang='lat' dir='ltr'> </span> 
     </span>
    </p>
   </div>
  </div>
 </body>
</html>
