2970 5122
135 396 172 442 IV
606 395 816 444 PRAEFATIO.

135 533 233 596 tionis
251 530 381 597 Gelenii
403 531 524 618 protuli
540 553 650 597 omnes
667 530 821 597 lectiones
837 531 1076 617 discrepantes,
1098 541 1282 596 ceterarum

135 643 284 728 excerpsi
307 640 496 729 plerasque,
519 643 558 705 iis
582 665 666 728 quae
688 665 730 708 ex
751 642 840 727 turpi
861 641 1070 731 neglegentia
1090 651 1181 706 ortae
1204 652 1282 706 sunt

136 753 281 834 omissis3
309 762 379 817 tum
407 752 568 838 descripsi
588 751 763 817 relationes
792 754 825 815 in
847 752 1085 838 paragraphos3
1114 759 1279 838 postremo

134 864 168 926 in
191 861 300 926 uerbis
323 861 535 928 emendandis
563 862 611 926 ita
632 871 781 927 uersatus
805 885 891 945 sum,
922 870 959 925 ut
981 883 1087 948 pauca
1109 884 1187 926 uere
1210 884 1280 926 cor·

133 974 243 1057 rigere
265 994 362 1058 quam
383 973 554 1038 ambitiose
576 972 679 1036 multa
700 981 826 1045 mutare
840 971 981 1036 mallem.
1018 954 1182 1036 Ambrosii
1196 972 1280 1035 rela-

135 1084 256 1164 tiones,
280 1083 399 1167 quihus
422 1081 614 1148 relationem
629 1082 819 1170 Symmachi
833 1082 962 1148 tertiam
978 1081 1160 1164 refutabat,
1184 1081 1279 1146 addi·

136 1197 228 1257 turus
253 1213 340 1256 eram
356 1190 476 1256 libello.
514 1192 575 1256 scd
588 1192 686 1257 rebus
709 1195 856 1277 angustis
879 1215 943 1278 quo
961 1192 1066 1256 minus
1090 1201 1279 1256 excuterem

134 1324 237 1367 nouos
261 1302 388 1367 codices
411 1301 580 1386 exclusus,
603 1304 665 1367 hoo
686 1302 857 1368 consilium
880 1311 916 1375 ut
937 1301 1002 1366 alia
1024 1324 1107 1389 quae
1122 1301 1277 1366 molieba-

133 1421 187 1476 tur
208 1412 338 1478 feruida
359 1413 512 1478 iuuentus
536 1412 681 1505 deposui.
731 1414 779 1478 sic
801 1415 835 1477 in
857 1413 1065 1477 recensendis
1088 1412 1279 1498 Symmachi

133 1522 347 1588 relationibus
369 1523 553 1587 efficiebam
575 1545 657 1609 quae
679 1533 771 1588 erant
793 1523 932 1588 hominis
954 1521 1124 1608 philologi.
1161 1522 1196 1584 in
1217 1524 1278 1605 eis,

133 1655 217 1720 quae
238 1634 282 1696 ad
304 1635 354 1697 ius
370 1633 554 1699 Romanum
577 1633 667 1698 etad
683 1656 819 1699 munera
834 1633 1083 1719 magistratuum
1098 1634 1278 1718 pertinent,

133 1745 212 1808 mihi
235 1767 299 1808 non
322 1743 475 1808 satisfeci.
513 1753 618 1809 restat
633 1753 669 1808 ut
691 1745 806 1807 harum
829 1766 939 1808 rerum
953 1744 1052 1830 periti
1068 1766 1127 1808 suo
1142 1765 1279 1807 munere

133 1854 323 1938 fungantur.
361 1854 510 1938 inprimis
534 1855 560 1918 si
584 1853 671 1939 quis,
695 1876 759 1940 qua
780 1855 905 1918 ratione
926 1845 1280 1938 Bethmann·Hollweg

134 1964 216 2029 duas
249 1962 423 2028 relationes
455 1972 690 2029 commentatus
724 1973 789 2044 est,
824 1963 939 2027 eadem
972 1973 1115 2050 exponet
1153 1985 1278 2045 omnes,

136 2075 258 2160 optime
280 2075 322 2138 de
345 2073 541 2158 Symmacho
563 2064 750 2138 merebitur.

219 2209 342 2293 Scripsi
364 2207 506 2273 Baruthi
527 2231 639 2273 mense
660 2209 759 2274 Junio
781 2231 810 2273 a.
836 2210 924 2274 1872.

860 2386 1044 2454 Gulielmus
1067 2389 1193 2475 Meyer.
