2970 5122
430 361 612 412 saunacnr
633 359 786 410 arnano
809 351 840 408 8.
863 351 892 408 9.
1194 342 1234 408 15

88 500 164 587 quis
199 499 315 564 modus
345 515 500 567 censuum
530 497 629 561 semel
656 506 713 561 aut
746 497 875 582 saepius
908 494 1084 580 fungendis
1111 494 1232 558 medio·

87 602 188 665 ariter
211 600 409 666 editionibus
426 599 623 690 applicetur,
647 620 729 685 quae
744 597 938 682 gladiatorio
960 599 1086 662 muneri
1102 608 1134 663 et
1149 619 1234 684 quae

86 704 222 767 scenicis
238 701 324 766 ludis
341 713 528 789 sumptuum
543 709 800 787 temperamenta
815 700 1025 782 conueniant,
1041 699 1119 786 quid
1135 699 1232 765 liber·

86 805 168 869 tatis
190 804 312 870 habere
333 812 496 869 mereatur
518 805 699 891 praesentis
722 804 898 890 expensio,
921 801 1000 888 quid
1022 801 1232 884 dampniab·

60 910 231 972 ssentium
254 906 456 974 contumacia
482 906 602 972 debeat
624 905 775 992 experiri.
820 903 902 972 haee
924 904 1100 970 aeternitas
1123 912 1268 971 uestras

85 1008 286 1075 uenerabilis
314 1031 389 1073 cum
417 1010 548 1074 senatui
576 1006 753 1074 statuenda
780 1007 965 1088 mandaret,
995 1006 1112 1072 referri
1134 1006 1176 1070 ad
1199 1028 1234 1071 se

85 1113 236 1198 protinus
259 1110 447 1198 imperauit,
470 1098 507 1177 nt
527 1110 652 1198 placita
666 1111 795 1176 cunctis
811 1108 986 1174 immortali
1005 1108 1079 1196 lege
1094 1109 1233 1175 soliden-

87 1225 151 1280 tur.
188 1214 286 1278 iussis
302 1213 481 1299 paruimus.
520 1222 732 1300 expectamus
748 1211 930 1289 oraculum,
955 1234 1020 1298 quo
1037 1211 1233 1294 salutariter,

86 1324 125 1379 ut
147 1326 255 1381 uestro
277 1316 404 1379 numini
426 1315 587 1382 familiare
610 1325 672 1408 est,
695 1323 824 1401 patrum
847 1313 979 1380 decreta
999 1314 1154 1395 firmetis,
1177 1314 1232 1379 ad·

47 1438 74 1477 ro
88 1419 175 1484 iecta
196 1418 456 1499 comminatione,
480 1421 509 1483 si
531 1416 815 1502 ullusaliquando
838 1418 979 1484 ambitus
1002 1416 1083 1481 haec
1105 1416 1158 1481 uel
1176 1416 1234 1481 illa

87 1520 281 1606 corruperit,
293 1542 377 1606 quae
389 1520 525 1585 consilio
537 1519 669 1585 caelesti
682 1542 740 1606 pro
754 1520 879 1585 ordinis
890 1519 1053 1604 dignitate
1064 1518 1231 1584 sanxistis.

533 1705 734 1774 RELATIO
757 1708 787 1775 9.

115 1866 123 1875 ·
164 1825 305 1890 DDNN.
329 1813 558 1891 T'heodosio
583 1835 621 1889 et
643 1825 821 1891 Arcadio
845 1846 1003 1911 semper
1024 1825 1150 1909 Augg.

273 1928 532 2014 Symmachus
556 1952 588 1992 u.
613 1950 641 1993 c.
664 1928 900 2015 praefectus
923 1926 1046 1990 urbis.

49 2099 75 2139 15
175 2062 307 2128 Gratias
329 2063 497 2129 beneficiis
520 2064 638 2130 uestris
662 2086 760 2149 agere
782 2086 841 2151 pro
862 2063 944 2128 urbe
959 2064 1064 2128 Roma
1080 2063 1232 2151 utofficii

86 2164 268 2250 probabilis
289 2166 337 2230 ita
357 2166 530 2232 insolentis
553 2167 709 2232 audaciae
725 2163 783 2232 est
818 2188 893 2231 nam
916 2185 1022 2252 neque
1041 2165 1232 2250 ingentibus

85 2269 191 2354 rebus*
213 2269 317 2334 uerba
344 2271 557 2350 conueniunt,
586 2279 619 2334 et
646 2291 821 2357 personam
849 2268 961 2355 populi
983 2267 1121 2332 Romani
1142 2267 1234 2331 nulla

85 2368 203 2456 implet
224 2372 339 2452 oratio,
362 2371 487 2436 domini
500 2374 732 2458 imperatores.
766 2372 824 2436 sed
847 2373 926 2458 quia
947 2372 981 2436 in
996 2369 1118 2435 talibus
1133 2392 1232 2455 nego·

85 2473 144 2537 tiis
170 2473 240 2537 uoti
261 2474 365 2558 magis
387 2495 486 2559 quam
508 2475 631 2557 ingenii
654 2475 736 2538 ratio
759 2485 923 2554 uersatur,
952 2495 1017 2537 non
1039 2482 1149 2537 metuo
1171 2473 1232 2535 im-

47 2604 73 2642 ao
86 2575 177 2660 paris
195 2574 331 2657 famam,
353 2577 432 2639 dum
453 2575 546 2660 fugio
566 2597 683 2640 nomen
699 2577 831 2660 ingrati.
864 2577 978 2641 urbem
994 2574 1083 2639 caelo
1099 2585 1132 2639 et
1147 2575 1232 2639 side·
1250 2595 1265 2642 2

86 2677 178 2741 ribus
205 2680 387 2764 acceptam!
432 2679 485 2742 cni
507 2678 594 2743 bona
615 2673 778 2743 terrarum
796 2681 940 2743 omnium
963 2687 1118 2762 congesta
1138 2699 1232 2764 prae·

87 2779 217 2845 stabitis
240 2789 337 2866 atque
350 2779 386 2844 id
401 2782 576 2868 praecipue
590 2781 685 2845 uobis
701 2783 823 2868 putatis
840 2781 1003 2864 accedere,
1026 2780 1114 2867 quod
1129 2781 1233 2845 Itoma

87 2882 298 2970 quaesiuerit.
314 2883 489 2970 recipimus
500 2884 621 2948 ueteris
632 2885 882 2971 praerogatiuae
893 2883 1002 2966 fidem,
1015 2883 1233 2949 securitatem.

73 2984 250 3073 ⁴siquidem
266 2994 395 3051 constat
408 2986 645 3069 imperantibus
661 2986 754 3051 uobis
769 2986 880 3074 populi
895 3008 966 3051 esse
977 2987 1127 3067 Romani,
1144 2985 1232 3070 quic·
1285 2971 1288 2977 ¹

47 3111 74 3150 as
87 3088 173 3174 quid
196 3087 318 3173 ubique
345 3110 540 3173 generosum
568 3089 621 3154 uel
648 3090 756 3174 gignit
783 3098 899 3154 natura
925 3089 979 3152 uel
1005 3088 1160 3153 informat
1185 3087 1232 3150 in-

86 3190 224 3254 dustria.
251 3192 416 3255 enimuero
431 3192 530 3256 etiam
546 3194 683 3278 posteris
699 3193 867 3277 egregium
883 3191 1021 3255 dedistis
1037 3189 1230 3275 exemplum.
1313 3192 1321 3208 '

86 3294 194 3357 scient
220 3292 322 3358 futuri
343 3294 391 3358 ita
413 3292 542 3358 demum
565 3295 701 3358 affluere
723 3295 870 3380 publicas
892 3293 1091 3381 uoluptates,
1119 3294 1147 3356 si
1176 3314 1231 3357 eas

85 3393 212 3480 palatia
240 3416 306 3459 non
332 3398 509 3481 requirant.
553 3398 614 3462 hoc
641 3406 691 3461 est
713 3399 878 3482 specimen
900 3397 1001 3460 animi
1023 3396 1231 3478 continentis,

86 3498 153 3563 sibi
175 3518 295 3582 negare
316 3498 404 3584 quod
425 3498 499 3563 aliis
522 3497 699 3580 deferatur,
723 3508 756 3563 et
777 3499 934 3568 laetitiam
958 3508 1139 3564 ceterorum
1159 3520 1232 3584 pro-

45 3620 72 3658 so
85 3601 170 3687 priis
185 3599 346 3682 anteferre
361 3601 495 3666 solatiis.
519 3601 572 3667 hic
584 3624 662 3665 usus
675 3601 777 3665 bonos
790 3603 953 3688 principes
966 3601 1071 3667 decet.
1093 3623 1232 3686 namque

86 3741 266 3748 ——.—--—-
269 3741 315 3745 .....

158 3809 170 3855 1
214 3803 257 3855 uis
280 3801 379 3855 modus
401 3818 534 3856 censuum
557 3803 644 3857 semel
665 3805 716 3855 aut
741 3803 853 3872 saepius
880 3802 1030 3872 fungendis
1051 3803 1232 3857 mediocriter

86 3870 208 3924 editioni
227 3887 260 3922 us
277 3886 314 3938 ap
335 3870 436 3924 licetur
453 3886 503 3925 noa
521 3871 711 3936 (mediocritas
729 3888 877 3924 munerum
896 3887 937 3938 ep.
954 3875 981 3936 4,
998 3873 1040 3938 St:
1060 3872 1154 3926 eadem
1173 3871 1232 3938 (sed

87 3954 206 3992 censum
223 3943 247 3990 et
264 3887 443 3991 medicantes
460 3938 645 4017 pdrcrombus)
664 3945 692 4004 2,
715 3940 778 4007 quis
795 3939 894 3991 modus
912 3940 1058 4005 censitum,
1077 3940 1165 3992 semel
1182 3942 1233 3992 aut

85 4022 143 4128 pap¹
156 4002 695 4129 igsshiliieffingginffls1ffi⁰ifflai
718 4007 888 4061 editionibus
911 4008 1070 4076 applicetur
1093 4008 1153 4065 edd.

86 4083 92 4099 ·
289 4091 301 4126 s
377 4114 383 4126 .
421 4113 427 4126 .
602 4092 612 4127 1
645 4092 658 4127 s

156 4139 206 4194 rel.
223 4145 248 4194 9.
279 4139 341 4195 (iel.
358 4145 383 4194 8.
412 4140 471 4194 Jur.
489 4148 530 4196 22.
559 4141 621 4196 Par.
639 4148 681 4198 29.
749 4141 798 4196 DE
816 4141 948 4206 AEQVIS
965 4141 1013 4196 ΕΤ
1030 4141 1231 4196 ELEFANTIS

85 4215 106 4261 T
177 4207 294 4262 DNNN.
313 4215 342 4274 T,
360 4207 420 4262 DD.
438 4209 499 4264 edd.
569 4211 610 4263 et:
630 4216 701 4263 aeT
771 4209 912 4264 Archadio
930 4216 950 4261 2⁸
969 4211 1030 4264 edd.
1099 4229 1125 4264 u.
1139 4227 1162 4263 c.
1180 4224 1230 4264 om.

86 4277 150 4332 aad.
222 4282 252 4330 17
275 4276 360 4330 rebus
381 4291 431 4330 orn.
453 4277 515 4334 edd.
592 4285 622 4332 18
646 4277 706 4334 DD.
729 4278 790 4332 aad.
859 4284 892 4332 20
914 4278 1019 4347 ingrati
1041 4295 1110 4347 erga
1130 4279 1230 4332 urbem

86 4345 151 4400 edd.
221 4343 406 4411 sydenbusr
474 4350 505 4397 21
525 4347 713 4414 congestae'r
802 4345 931 4398 raestatis
949 4347 1011 4400 edd.
1079 4353 1112 4399 23
1124 4347 1230 4414 recepi·

10 4474 14 4486 ,
85 4429 150 4465 mus
167 4411 229 4467 edd.
298 4410 384 4465 fidam
396 4412 576 4465 securitatem
594 4413 668 4468 Lect.
682 4416 747 4469 23·
792 4430 834 4467 ar.
850 4412 941 4482 Winp.
995 4419 1028 4468 28
1045 4415 1231 4482 reqununtr
