2962 5130
192 434 196 441 ,
262 376 304 443 44
353 376 361 387 ’
579 394 761 445 srnnronr
783 387 1010 445 suammet.
1035 388 1085 446 32.

262 530 425 616 praesenti
447 552 564 596 causae
587 533 738 615 congruit
759 532 940 618 praemissa
954 533 1126 598 sententia.
1163 533 1325 621 siquidem
1341 534 1412 600 Ua·

263 632 418 697 lerianus·
433 633 485 699 uir
513 631 728 717 clarissimus,
757 635 811 700 cui
838 634 887 701 lar
915 636 951 699 in
978 635 1080 721 Epiro
1107 657 1180 702 esse
1208 638 1410 722 suggeritur,

262 756 368 821 neque
395 735 626 820 rescriptorum
653 737 863 800 ueneratione
889 758 994 822 neque
1020 735 1130 821 legum
1157 741 1333 805 seueritate
1355 739 1412 803 uel

228 838 448 923 apactionum
476 837 541 901 fide
568 847 625 902 aut
652 837 847 903 iudiciorum
874 840 1058 904 reuerentia
1085 851 1305 926 permonetur.
1352 842 1411 927 qui

261 941 365 1026 primo
392 941 427 1004 in
449 961 588 1005 examen
609 942 833 1024 praetorianae
856 940 944 1005 sedis
965 943 1073 1006 iussus
1095 943 1196 1007 acciri
1217 943 1260 1009 ad
1283 943 1441 1029 suppli-5

262 1044 421 1108 nationem
450 1066 483 1107 u.
505 1065 533 1107 c.
557 1042 698 1108 Iunioris
726 1044 795 1106 uim
824 1044 974 1129 rescripti
998 1052 1086 1109 statu
1108 1045 1295 1131 praecelsae
1315 1054 1411 1131 potc-

233 1146 356 1211 ·statis
387 1145 493 1210 elusit.
539 1142 658 1208 dehinc
683 1144 969 1237 proconsularibus
998 1156 1152 1211 euocatus
1176 1147 1293 1212 edictis
1314 1146 1412 1231 leges

262 1249 333 1334 pari
355 1255 426 1311 arte
447 1247 623 1311 frustratus
647 1256 707 1313 est.
745 1271 831 1313 nunc
852 1256 981 1313 cumet
1002 1250 1131 1314 actione
1145 1247 1236 1314 ciuili
1252 1256 1284 1317 et
1297 1249 1412 1315 crimi-

261 1349 327 1414 nali
353 1350 560 1416 accusatione
587 1341 806 1435 premeretur,
835 1352 966 1416 statutis
994 1350 1172 1416 inciuiliter
1198 1351 1412 1435 repugnauit,

260 1461 297 1518 ut
325 1453 528 1539 apparitores
557 1452 780 1538 praefecturae
807 1451 953 1518 urbanae
981 1454 1101 1540 partim
1123 1453 1261 1519 notoriis
1283 1454 1412 1540 partim
1429 1473 1456 1514 ro

264 1555 474 1640 suggestione
496 1555 680 1639 signarunt.
717 1576 855 1640 quorum
877 1568 960 1619 unus
975 1564 1094 1639 agente
1107 1556 1142 1618 in
1156 1554 1254 1621 rebus
1271 1577 1308 1620 eo
1323 1577 1413 1621 mor·

262 1665 337 1738 tuo,
365 1655 408 1720 ad
437 1679 533 1743 quem
556 1657 646 1723 sacri
662 1657 829 1742 praecepti
851 1657 999 1722 executio
1021 1656 1224 1743 pertinebat,
1253 1658 1413 1724 affectum

229 1774 245 1822 3
264 1781 300 1825 se
320 1781 341 1823 a
362 1757 539 1825 Ualeriano
561 1758 717 1843 grauibus
735 1758 867 1824 iniuriis
889 1757 1059 1824 indicauit.
1104 1768 1210 1825 motus
1232 1760 1336 1845 igitur
1358 1761 1412 1824 in-

262 1861 424 1948 dignitate
445 1859 559 1925 tulium
581 1859 795 1947 querelarum,
818 1882 892 1927 cum
912 1862 1056 1929 uiderem
1072 1883 1185 1927 rursus
1200 1860 1293 1926 illudi
1308 1884 1413 1947 posse

237 1980 239 1985 ·
262 1962 405 2045 iudiciis,
428 1962 557 2048 siquid
579 1962 725 2028 seuerius
748 1964 957 2048 censuissem,
979 1964 1069 2027 factu
1091 1964 1249 2047 optimum
1264 1962 1411 2046 credidi,
1427 1987 1454 2027 15

261 2074 298 2129 ut
322 2065 508 2130 aeternitati
534 2073 664 2132 uestrae
692 2087 810 2132 causae
836 2066 933 2130 istius
960 2066 1162 2151 pontificium
1188 2085 1411 2131 reseruarem.

209 2182 231 2226 ο
262 2167 323 2232 soli
345 2168 432 2234 enim
452 2168 523 2230 iure
545 2167 711 2250 corrigitis
732 2167 877 2232 admissa
898 2168 1089 2252 potissimae
1104 2166 1283 2251 dignitatis.
1321 2167 1411 2234 fides
1465 2225 1471 2236 .

261 2291 370 2334 rerum
385 2268 486 2354 gestis
499 2267 749 2334 cohaerentibus
762 2269 954 2356 explicatur.
977 2268 1080 2335 nihilo
1091 2271 1198 2334 minus
1209 2267 1411 2335 adseruatur

261 2393 428 2457 regressus
455 2372 641 2457 apparitor,
670 2371 726 2457 qui
753 2373 990 2438 contumaciam
1018 2372 1178 2436 senatoris
1207 2379 1240 2434 et
1267 2369 1410 2436 seruiles

260 2475 401 2560 impetus
424 2473 590 2539 nuntiauit
610 2473 875 2559 suggestionibus
898 2473 976 2556 suis,
999 2496 1071 2538 curn
1087 2472 1173 2538 forte
1186 2494 1264 2537 usus
1279 2471 1409 2556 tulerit,
1423 2504 1450 2544 ω

260 2577 430 2641 affuturus.
469 2598 589 2664 quaeso
611 2585 775 2642 aeternam
798 2575 1002 2642 clementiam
1024 2584 1179 2656 uestram,
1201 2582 1239 2638 ut
1252 2573 1410 2640 omnibus

261 2676 357 2743 solita
383 2679 547 2765 aequitate
580 2680 749 2765 perpensis
777 2680 910 2762 euagari
936 2676 1073 2745 ulterius
1101 2677 1327 2743 frustratorem
1355 2684 1411 2742 tot

259 2779 404 2845 iudicum
425 2801 492 2845 non
514 2781 637 2846 sinatis.

613 3002 616 3007 ·
693 2966 896 3033 RELATIO
917 2967 969 3032 32.

344 3074 492 3140 Difficile
514 3083 573 3158 est,
594 3084 632 3140 ut
652 3074 737 3141 bona
751 3098 851 3142 causa
865 3078 919 3157 sit,
941 3077 1032 3141 cuius
1048 3076 1134 3140 actio
1150 3076 1185 3139 in
1201 3075 1251 3141 ius
1267 3073 1408 3142 alterius
1422 3103 1449 3146 as

260 3177 488 3263 desperatione
510 3178 716 3244 transfertur.
752 3178 788 3242 id
807 3179 890 3244 adeo
910 3200 963 3242 res
988 3177 1154 3263 probauit,
1177 3175 1255 3242 ddd.
1279 3175 1409 3262 imppp.

260 3302 336 3344 nam
364 3278 570 3362 Theodorus,
599 3288 636 3342 ut
662 3281 818 3363 asseruit,
847 3302 888 3345 ex
916 3281 1156 3365 protectoribus
1186 3279 1227 3344 ab
1249 3278 1409 3344 Anniana

261 3380 402 3468 quadam
423 3382 457 3444 in
479 3403 547 3445 rem
570 3403 661 3446 suam
688 3393 879 3467 procurator
900 3391 1026 3447 creatus
1047 3384 1113 3445 iam
1134 3381 1261 3466 pridem
1289 3378 1408 3445 claris·

261 3485 343 3548 simo
365 3493 463 3571 atque
479 3483 745 3549 emendatissimo
759 3484 832 3550 uiro
847 3483 1016 3570 Eupraxio
1031 3483 1166 3549 urbanis
1181 3481 1407 3549 tribunalibus

327 3754 503 3808 ostatan
571 3754 787 3810 8fnstratnsT
859 3771 934 3809 nunc
956 3760 990 3808 T:
1013 3770 1079 3808 nam
1101 3753 1164 3809 cdd.
1238 3758 1269 3807 10
1286 3752 1408 3809 uotonis

260 3837 323 3877 sios:
345 3822 451 3875 notens
474 3828 503 3885 T,
525 3822 641 3876 notariis
663 3823 724 3877 edd.
751 3823 787 3889 cf.
813 3822 944 3878 amatum
964 3825 992 3880 2.
1014 3821 1054 3876 od
1078 3821 1127 3879 ret.
1153 3823 1191 3875 25
1214 3819 1290 3887 (Jar.
1307 3822 1354 3883 38)
1379 3827 1407 3876 at

260 3889 411 3945 Mommsen
429 3890 469 3944 ad
480 3889 524 3943 Di
541 3893 607 3956 ΑΒ,
623 3894 666 3954 16,
683 3894 709 3956 6,
725 3894 749 3944 3.
800 3890 938 3960 ungenti
956 3890 985 3942 in
1003 3889 1095 3954 rebus,
1114 3904 1147 3942 eo
1161 3888 1222 3943 cdd.
1270 3892 1300 3941 16
1312 3888 1405 3942 aeter-

260 3958 357 4013 nrtahs
375 3964 394 4009 T
463 3905 630 4026 ponilfrcnm
649 3964 668 4009 T
739 3965 769 4012 17
781 3958 851 4012 fides
868 3957 955 4027 gestis
972 3972 1066 4010 rerum
1085 3957 1146 4010 cdd.
1166 3955 1200 4022 cf.
1219 3970 1313 4008 rerum
1332 3953 1406 4009 fides

259 4025 308 4085 rel.
325 4028 371 4090 21,
387 4028 412 4081 3.
492 4030 523 4079 18
542 4025 708 4079 adseruatur
723 4041 786 4080 uos:
808 4025 989 4080 ameruatum
1007 4029 1040 4090 T,
1059 4023 1095 4078 ad
1112 4024 1242 4077 senatum
1260 4021 1321 4077 edd.

261 4099 292 4147 19
310 4092 513 4153 contumatiam
531 4099 551 4144 T
620 4099 652 4146 22
670 4093 849 4147 firstratcrem
867 4097 888 4144 T

326 4159 377 4213 rel.
395 4165 436 4214 32.
461 4159 521 4217 Gel,
540 4167 581 4216 31.
602 4160 660 4213 Jnr.
678 4163 719 4214 45.
742 4160 805 4214 Par.
823 4166 864 4214 52.
933 4165 967 4212 24
984 4157 1018 4213 D.
1031 4157 1188 4212 Theodosio
1205 4172 1317 4225 semper
1327 4155 1404 4227 Aug.

260 4226 443 4295 Symmachus
469 4226 559 4282 Preef.
586 4228 653 4286 Urb.
681 4227 742 4281 add.
823 4228 858 4293 cf.
888 4226 966 4281 Goth.
999 4226 1039 4280 ad
1067 4225 1098 4282 0.
1127 4225 1177 4279 Tu.
1198 4228 1226 4291 2,
1248 4228 1276 4290 6,
1296 4227 1321 4279 3.

259 4301 292 4348 26
310 4294 343 4347 D.
362 4294 520 4362 Imperator
537 4295 599 4350 edd.
667 4301 699 4349 27
718 4295 913 4364 exprotectore
930 4293 996 4349 Jwr.
1014 4296 1042 4350 2.
1060 4310 1074 4348 a
1092 4309 1117 4362 q.
1136 4292 1183 4363 (ex
1200 4291 1315 4361 pectore
1333 4291 1404 4370 ξαν.
1475 4313 1477 4319 ,

263 4361 376 4430 wisa).
456 4369 489 4417 28
507 4363 536 4415 in
554 4379 584 4417 rc
602 4379 652 4416 sua
669 4363 731 4417 edd.
812 4368 845 4417 29
862 4360 1041 4430 EupraxioT
1080 4360 1224 4415 modas
1243 4357 1405 4415 Oorsiasua:

260 4428 393 4497 Cuprasio
411 4429 473 4486 edd.
553 4429 741 4485 tribunalibus
758 4435 778 4481 T
796 4427 871 4484 Laat.
887 4432 914 4487 2.
931 4445 1000 4498 sqq:
1017 4426 1247 4483 tribulationibus
1265 4424 1325 4481 Get.
1344 4440 1403 4498 sqq.
