<?xml version="1.0" encoding="UTF-8"?>
<!DOCTYPE html PUBLIC "-//W3C//DTD XHTML 1.0 Transitional//EN"
    "http://www.w3.org/TR/xhtml1/DTD/xhtml1-transitional.dtd">
<html xmlns="http://www.w3.org/1999/xhtml" xml:lang="en" lang="en">
 <head>
  <title>
</title>
<meta http-equiv="Content-Type" content="text/html;charset=utf-8" />
  <meta name='ocr-system' content='tesseract 3.04.00' />
  <meta name='ocr-capabilities' content='ocr_page ocr_carea ocr_par ocr_line ocrx_word'/>
</head>
<body>
  <div class='ocr_page' id='page_1' title='image "./qaureliisymnach00meyegoog_0056.png"; bbox 0 0 2962 5130; ppageno 0'>
   <div class='ocr_carea' id='block_1_1' title="bbox 478 392 1297 460">
    <p class='ocr_par' dir='ltr' id='par_1_1' title="bbox 478 392 1297 460">
     <span class='ocr_line' id='line_1_1' title="bbox 478 392 1297 460; baseline 0.004 -3"><span class='ocrx_word' id='word_1_1' title='bbox 478 410 658 458; x_wconf 79' lang='lat' dir='ltr'><strong>sruusonr</strong></span> <span class='ocrx_word' id='word_1_2' title='bbox 680 410 833 459; x_wconf 69' lang='lat' dir='ltr'><strong>nnrmmo</strong></span> <span class='ocrx_word' id='word_1_3' title='bbox 856 401 907 459; x_wconf 81' lang='lat'><strong>30.</strong></span> <span class='ocrx_word' id='word_1_4' title='bbox 930 400 981 459; x_wconf 87' lang='lat'><strong>31.</strong></span> <span class='ocrx_word' id='word_1_5' title='bbox 1255 392 1297 460; x_wconf 85' lang='grc'><strong>43</strong></span> 
     </span>
    </p>
   </div>
   <div class='ocr_carea' id='block_1_2' title="bbox 107 540 1366 2787">
    <p class='ocr_par' dir='ltr' id='par_1_2' title="bbox 107 540 1366 2787">
     <span class='ocr_line' id='line_1_2' title="bbox 107 540 1331 633; baseline 0.004 -21"><span class='ocrx_word' id='word_1_6' title='bbox 107 540 383 612; x_wconf 68' lang='lat' dir='ltr'><strong>Catoianillam</strong></span> <span class='ocrx_word' id='word_1_7' title='bbox 398 545 520 633; x_wconf 89' lang='lat' dir='ltr'><strong>pariter</strong></span> <span class='ocrx_word' id='word_1_8' title='bbox 534 567 572 609; x_wconf 88' lang='lat' dir='ltr'><strong>ac</strong></span> <span class='ocrx_word' id='word_1_9' title='bbox 583 544 772 610; x_wconf 86' lang='lat' dir='ltr'><strong>Seuerillam</strong></span> <span class='ocrx_word' id='word_1_10' title='bbox 784 547 1020 632; x_wconf 78' lang='lat' dir='ltr'>suggerebatur</span> <span class='ocrx_word' id='word_1_11' title='bbox 1030 567 1149 630; x_wconf 71' lang='lat' dir='ltr'><strong>erpere.</strong></span> <span class='ocrx_word' id='word_1_12' title='bbox 1172 547 1298 612; x_wconf 84' lang='lat' dir='ltr'><strong>interca</strong></span> <span class='ocrx_word' id='word_1_13' title='bbox 1314 568 1331 617; x_wconf 77' lang='lat'><strong>2</strong></span> 
     </span>
     <span class='ocr_line' id='line_1_3' title="bbox 107 646 1298 736; baseline 0.003 -27"><span class='ocrx_word' id='word_1_14' title='bbox 107 658 361 736; x_wconf 60' lang='lat' dir='ltr'><strong>sequestrato</strong></span> <span class='ocrx_word' id='word_1_15' title='bbox 387 646 557 714; x_wconf 87' lang='lat' dir='ltr'><strong>Lollianas</strong></span> <span class='ocrx_word' id='word_1_16' title='bbox 590 670 618 712; x_wconf 93' lang='lat' dir='ltr'><strong>c.</strong></span> <span class='ocrx_word' id='word_1_17' title='bbox 646 648 669 713; x_wconf 88' lang='lat' dir='ltr'><strong>f.</strong></span> <span class='ocrx_word' id='word_1_18' title='bbox 703 649 850 733; x_wconf 83' lang='lat' dir='ltr'><strong>nomine,</strong></span> <span class='ocrx_word' id='word_1_19' title='bbox 884 671 980 736; x_wconf 88' lang='lat' dir='ltr'><strong>quam</strong></span> <span class='ocrx_word' id='word_1_20' title='bbox 1012 671 1070 735; x_wconf 91' lang='lat' dir='ltr'><strong>pro</strong></span> <span class='ocrx_word' id='word_1_21' title='bbox 1105 671 1165 713; x_wconf 87' lang='lat' dir='ltr'><strong>sex</strong></span> <span class='ocrx_word' id='word_1_22' title='bbox 1193 649 1298 713; x_wconf 87' lang='lat' dir='ltr'><strong>unciis</strong></span> 
     </span>
     <span class='ocr_line' id='line_1_4' title="bbox 107 749 1298 837; baseline 0.001 -23"><span class='ocrx_word' id='word_1_23' title='bbox 107 751 290 837; x_wconf 48' lang='lat' dir='ltr'><strong>&amp;tringit</strong></span> <span class='ocrx_word' id='word_1_24' title='bbox 311 751 450 833; x_wconf 80' lang='lat' dir='ltr'><strong>exactio,</strong></span> <span class='ocrx_word' id='word_1_25' title='bbox 473 749 588 814; x_wconf 88' lang='lat' dir='ltr'><strong>harum</strong></span> <span class='ocrx_word' id='word_1_26' title='bbox 610 759 681 815; x_wconf 90' lang='lat' dir='ltr'><strong>orta</strong></span> <span class='ocrx_word' id='word_1_27' title='bbox 701 750 877 836; x_wconf 84' lang='lat' dir='ltr'><strong>refragatio</strong></span> <span class='ocrx_word' id='word_1_28' title='bbox 901 760 961 831; x_wconf 89' lang='lat' dir='ltr'><strong>est,</strong></span> <span class='ocrx_word' id='word_1_29' title='bbox 984 772 1064 837; x_wconf 91' lang='lat' dir='ltr'><strong>quas</strong></span> <span class='ocrx_word' id='word_1_30' title='bbox 1085 774 1144 836; x_wconf 90' lang='lat' dir='ltr'><strong>pro</strong></span> <span class='ocrx_word' id='word_1_31' title='bbox 1159 751 1298 833; x_wconf 86' lang='lat' dir='ltr'><strong>singulis</strong></span> 
     </span>
     <span class='ocr_line' id='line_1_5' title="bbox 107 838 1299 940; baseline -0.002 -22"><span class='ocrx_word' id='word_1_32' title='bbox 107 838 315 918; x_wconf 60' lang='lat' dir='ltr'><strong>bonorum</strong></span> <span class='ocrx_word' id='word_1_33' title='bbox 344 851 581 940; x_wconf 79' lang='lat' dir='ltr'><strong>quadrantibus</strong></span> <span class='ocrx_word' id='word_1_34' title='bbox 603 851 774 919; x_wconf 85' lang='lat' dir='ltr'><strong>solutionis</strong></span> <span class='ocrx_word' id='word_1_35' title='bbox 798 875 878 918; x_wconf 90' lang='lat' dir='ltr'><strong>cura</strong></span> <span class='ocrx_word' id='word_1_36' title='bbox 899 852 1080 919; x_wconf 90' lang='lat' dir='ltr'><strong>mordebat.</strong></span> <span class='ocrx_word' id='word_1_37' title='bbox 1124 874 1299 938; x_wconf 90' lang='lat' dir='ltr'><strong>conperen-</strong></span> 
     </span>
     <span class='ocr_line' id='line_1_6' title="bbox 107 953 1298 1043; baseline -0.001 -22"><span class='ocrx_word' id='word_1_38' title='bbox 107 953 269 1021; x_wconf 72' lang='lat' dir='ltr'><strong>&#39;dinato</strong></span> <span class='ocrx_word' id='word_1_39' title='bbox 296 955 487 1043; x_wconf 89' lang='lat' dir='ltr'><strong>plerumque</strong></span> <span class='ocrx_word' id='word_1_40' title='bbox 507 954 628 1019; x_wconf 88' lang='lat' dir='ltr'><strong>iudicio</strong></span> <span class='ocrx_word' id='word_1_41' title='bbox 650 976 702 1020; x_wconf 92' lang='lat' dir='ltr'><strong>res</strong></span> <span class='ocrx_word' id='word_1_42' title='bbox 725 977 763 1020; x_wconf 88' lang='lat' dir='ltr'><strong>eo</strong></span> <span class='ocrx_word' id='word_1_43' title='bbox 785 956 926 1022; x_wconf 89' lang='lat' dir='ltr'><strong>deducta</strong></span> <span class='ocrx_word' id='word_1_44' title='bbox 948 964 1012 1037; x_wconf 87' lang='lat' dir='ltr'><strong>est,</strong></span> <span class='ocrx_word' id='word_1_45' title='bbox 1040 964 1078 1020; x_wconf 93' lang='lat' dir='ltr'><strong>ut</strong></span> <span class='ocrx_word' id='word_1_46' title='bbox 1098 955 1171 1020; x_wconf 89' lang='lat' dir='ltr'><strong>fisci</strong></span> <span class='ocrx_word' id='word_1_47' title='bbox 1191 958 1298 1041; x_wconf 76' lang='lat' dir='ltr'><strong>patro·</strong></span> 
     </span>
     <span class='ocr_line' id='line_1_7' title="bbox 107 1056 1297 1145; baseline -0.003 -22"><span class='ocrx_word' id='word_1_48' title='bbox 107 1058 276 1123; x_wconf 51' lang='lat' dir='ltr'><strong>minium</strong></span> <span class='ocrx_word' id='word_1_49' title='bbox 308 1058 498 1124; x_wconf 81' lang='lat' dir='ltr'><strong>securitates</strong></span> <span class='ocrx_word' id='word_1_50' title='bbox 527 1079 547 1121; x_wconf 93' lang='lat' dir='ltr'><strong>a</strong></span> <span class='ocrx_word' id='word_1_51' title='bbox 575 1056 766 1122; x_wconf 87' lang='lat' dir='ltr'><strong>clarissimis</strong></span> <span class='ocrx_word' id='word_1_52' title='bbox 798 1058 945 1144; x_wconf 88' lang='lat' dir='ltr'><strong>personis</strong></span> <span class='ocrx_word' id='word_1_53' title='bbox 977 1056 1102 1144; x_wconf 89' lang='lat' dir='ltr'><strong>impleti</strong></span> <span class='ocrx_word' id='word_1_54' title='bbox 1123 1080 1182 1145; x_wconf 91' lang='lat' dir='ltr'><strong>per</strong></span> <span class='ocrx_word' id='word_1_55' title='bbox 1208 1058 1297 1122; x_wconf 86' lang='lat' dir='ltr'><strong>uices</strong></span> 
     </span>
     <span class='ocr_line' id='line_1_8' title="bbox 116 1158 1327 1246; baseline 0 -22"><span class='ocrx_word' id='word_1_56' title='bbox 116 1158 300 1231; x_wconf 58' lang='lat' dir='ltr'><strong>muneris</strong></span> <span class='ocrx_word' id='word_1_57' title='bbox 328 1161 505 1246; x_wconf 87' lang='lat' dir='ltr'><strong>flagitaret,</strong></span> <span class='ocrx_word' id='word_1_58' title='bbox 537 1158 749 1224; x_wconf 81' lang='lat' dir='ltr'><strong>Catcianillae</strong></span> <span class='ocrx_word' id='word_1_59' title='bbox 777 1181 855 1225; x_wconf 89' lang='lat' dir='ltr'><strong>uero</strong></span> <span class='ocrx_word' id='word_1_60' title='bbox 883 1182 923 1223; x_wconf 89' lang='lat' dir='ltr'><strong>ao</strong></span> <span class='ocrx_word' id='word_1_61' title='bbox 944 1159 1122 1225; x_wconf 88' lang='lat' dir='ltr'><strong>Seuerillae</strong></span> <span class='ocrx_word' id='word_1_62' title='bbox 1151 1158 1327 1224; x_wconf 84' lang='lat' dir='ltr'><strong>defensio·</strong></span> 
     </span>
     <span class='ocr_line' id='line_1_9' title="bbox 115 1261 1332 1347; baseline 0.005 -23"><span class='ocrx_word' id='word_1_63' title='bbox 115 1263 314 1347; x_wconf 62' lang='lat' dir='ltr'><strong>:nescripto</strong></span> <span class='ocrx_word' id='word_1_64' title='bbox 335 1263 379 1328; x_wconf 91' lang='lat' dir='ltr'><strong>ad</strong></span> <span class='ocrx_word' id='word_1_65' title='bbox 400 1262 590 1328; x_wconf 81' lang='lat' dir='ltr'><strong>relationem</strong></span> <span class='ocrx_word' id='word_1_66' title='bbox 613 1261 682 1326; x_wconf 89' lang='lat' dir='ltr'><strong>diui</strong></span> <span class='ocrx_word' id='word_1_67' title='bbox 704 1263 860 1347; x_wconf 89' lang='lat' dir='ltr'><strong>principis</strong></span> <span class='ocrx_word' id='word_1_68' title='bbox 883 1262 1051 1327; x_wconf 84' lang='lat' dir='ltr'><strong>niteretur.</strong></span> <span class='ocrx_word' id='word_1_69' title='bbox 1094 1271 1189 1328; x_wconf 89' lang='lat' dir='ltr'><strong>uetus</strong></span> <span class='ocrx_word' id='word_1_70' title='bbox 1213 1262 1332 1330; x_wconf 79' lang='lat' dir='ltr'><strong>enims</strong></span> 
     </span>
     <span class='ocr_line' id='line_1_10' title="bbox 137 1362 1298 1451; baseline 0 -22"><span class='ocrx_word' id='word_1_71' title='bbox 137 1364 305 1451; x_wconf 73' lang='lat' dir='ltr'><strong>(quaestio</strong></span> <span class='ocrx_word' id='word_1_72' title='bbox 328 1373 361 1429; x_wconf 92' lang='lat' dir='ltr'><strong>et</strong></span> <span class='ocrx_word' id='word_1_73' title='bbox 381 1362 621 1449; x_wconf 82' lang='lat' dir='ltr'><strong>cognitionibus</strong></span> <span class='ocrx_word' id='word_1_74' title='bbox 644 1363 868 1449; x_wconf 83' lang='lat' dir='ltr'><strong>praefecturae</strong></span> <span class='ocrx_word' id='word_1_75' title='bbox 889 1364 1078 1451; x_wconf 83' lang='lat' dir='ltr'><strong>frequenter</strong></span> <span class='ocrx_word' id='word_1_76' title='bbox 1098 1364 1224 1450; x_wconf 85' lang='lat' dir='ltr'><strong>agitata</strong></span> <span class='ocrx_word' id='word_1_77' title='bbox 1245 1387 1298 1429; x_wconf 91' lang='lat' dir='ltr'><strong>us-</strong></span> 
     </span>
     <span class='ocr_line' id='line_1_11' title="bbox 147 1465 1301 1552; baseline 0 -21"><span class='ocrx_word' id='word_1_78' title='bbox 147 1488 220 1551; x_wconf 74' lang='lat' dir='ltr'><strong>que</strong></span> <span class='ocrx_word' id='word_1_79' title='bbox 245 1466 287 1530; x_wconf 91' lang='lat' dir='ltr'><strong>ad</strong></span> <span class='ocrx_word' id='word_1_80' title='bbox 317 1465 433 1551; x_wconf 88' lang='lat' dir='ltr'><strong>inclyti</strong></span> <span class='ocrx_word' id='word_1_81' title='bbox 461 1487 651 1552; x_wconf 82' lang='lat' dir='ltr'><strong>semperque</strong></span> <span class='ocrx_word' id='word_1_82' title='bbox 677 1466 814 1531; x_wconf 89' lang='lat' dir='ltr'><strong>uerendi</strong></span> <span class='ocrx_word' id='word_1_83' title='bbox 841 1467 997 1552; x_wconf 86' lang='lat' dir='ltr'><strong>genitoris</strong></span> <span class='ocrx_word' id='word_1_84' title='bbox 1026 1466 1134 1531; x_wconf 88' lang='lat' dir='ltr'><strong>uestri</strong></span> <span class='ocrx_word' id='word_1_85' title='bbox 1156 1467 1301 1531; x_wconf 89' lang='lat' dir='ltr'><strong>cucurrit</strong></span> 
     </span>
     <span class='ocr_line' id='line_1_12' title="bbox 155 1565 1300 1655; baseline 0.003 -24"><span class='ocrx_word' id='word_1_86' title='bbox 155 1567 339 1651; x_wconf 87' lang='lat' dir='ltr'><strong>arbitrium,</strong></span> <span class='ocrx_word' id='word_1_87' title='bbox 362 1568 418 1655; x_wconf 91' lang='lat' dir='ltr'><strong>qui</strong></span> <span class='ocrx_word' id='word_1_88' title='bbox 433 1565 583 1633; x_wconf 89' lang='lat' dir='ltr'><strong>Uiuentii</strong></span> <span class='ocrx_word' id='word_1_89' title='bbox 604 1566 804 1634; x_wconf 84' lang='lat' dir='ltr'><strong>clarissimae</strong></span> <span class='ocrx_word' id='word_1_90' title='bbox 827 1577 859 1634; x_wconf 91' lang='lat' dir='ltr'><strong>et</strong></span> <span class='ocrx_word' id='word_1_91' title='bbox 880 1567 1017 1635; x_wconf 89' lang='lat' dir='ltr'><strong>illustris</strong></span> <span class='ocrx_word' id='word_1_92' title='bbox 1040 1569 1214 1634; x_wconf 88' lang='lat' dir='ltr'><strong>memoriae</strong></span> <span class='ocrx_word' id='word_1_93' title='bbox 1235 1569 1300 1634; x_wconf 93' lang='lat' dir='ltr'><strong>uiri</strong></span> 
     </span>
     <span class='ocr_line' id='line_1_13' title="bbox 161 1670 1366 1758; baseline -0.001 -23"><span class='ocrx_word' id='word_1_94' title='bbox 161 1679 236 1735; x_wconf 90' lang='lat' dir='ltr'><strong>tunc</strong></span> <span class='ocrx_word' id='word_1_95' title='bbox 262 1671 421 1756; x_wconf 85' lang='lat' dir='ltr'><strong>praefecti</strong></span> <span class='ocrx_word' id='word_1_96' title='bbox 442 1670 533 1735; x_wconf 90' lang='lat' dir='ltr'><strong>urbis</strong></span> <span class='ocrx_word' id='word_1_97' title='bbox 556 1671 776 1737; x_wconf 90' lang='lat' dir='ltr'><strong>insinuatione</strong></span> <span class='ocrx_word' id='word_1_98' title='bbox 798 1671 964 1738; x_wconf 88' lang='lat' dir='ltr'><strong>consultus</strong></span> <span class='ocrx_word' id='word_1_99' title='bbox 987 1671 1128 1758; x_wconf 87' lang='lat' dir='ltr'><strong>quadam</strong></span> <span class='ocrx_word' id='word_1_100' title='bbox 1150 1671 1301 1756; x_wconf 87' lang='lat' dir='ltr'><strong>rescripti</strong></span> <span class='ocrx_word' id='word_1_101' title='bbox 1362 1688 1366 1695; x_wconf 83' lang='lat'><strong>·</strong></span> 
     </span>
     <span class='ocr_line' id='line_1_14' title="bbox 162 1771 1312 1860; baseline -0.001 -23"><span class='ocrx_word' id='word_1_102' title='bbox 162 1781 251 1858; x_wconf 85' lang='lat' dir='ltr'><strong>parte</strong></span> <span class='ocrx_word' id='word_1_103' title='bbox 280 1773 424 1857; x_wconf 89' lang='lat' dir='ltr'><strong>signauit</strong></span> <span class='ocrx_word' id='word_1_104' title='bbox 451 1773 519 1856; x_wconf 86' lang='lat' dir='ltr'><strong>suis¹</strong></span> <span class='ocrx_word' id='word_1_105' title='bbox 553 1772 735 1859; x_wconf 90' lang='lat' dir='ltr'><strong>quibusque</strong></span> <span class='ocrx_word' id='word_1_106' title='bbox 769 1773 970 1860; x_wconf 87' lang='lat' dir='ltr'><strong>temporibus</strong></span> <span class='ocrx_word' id='word_1_107' title='bbox 1004 1795 1024 1836; x_wconf 91' lang='lat' dir='ltr'><strong>a</strong></span> <span class='ocrx_word' id='word_1_108' title='bbox 1046 1771 1239 1839; x_wconf 82' lang='lat' dir='ltr'><strong>Oatcianilla</strong></span> <span class='ocrx_word' id='word_1_109' title='bbox 1261 1794 1312 1837; x_wconf 55' lang='lat' dir='ltr'><strong>ac&gt;</strong></span> 
     </span>
     <span class='ocr_line' id='line_1_15' title="bbox 162 1872 1299 1942; baseline 0 -3"><span class='ocrx_word' id='word_1_110' title='bbox 162 1873 317 1939; x_wconf 85' lang='lat' dir='ltr'><strong>Seuerilla</strong></span> <span class='ocrx_word' id='word_1_111' title='bbox 338 1872 527 1938; x_wconf 88' lang='lat' dir='ltr'><strong>clarissimis</strong></span> <span class='ocrx_word' id='word_1_112' title='bbox 549 1875 681 1941; x_wconf 91' lang='lat' dir='ltr'><strong>feminis</strong></span> <span class='ocrx_word' id='word_1_113' title='bbox 703 1875 849 1942; x_wconf 89' lang='lat' dir='ltr'><strong>oblatiua</strong></span> <span class='ocrx_word' id='word_1_114' title='bbox 869 1896 1004 1940; x_wconf 88' lang='lat' dir='ltr'><strong>munera</strong></span> <span class='ocrx_word' id='word_1_115' title='bbox 1020 1873 1125 1941; x_wconf 86' lang='lat' dir='ltr'><strong>soluta</strong></span> <span class='ocrx_word' id='word_1_116' title='bbox 1140 1882 1299 1940; x_wconf 84' lang='lat' dir='ltr'><strong>constare.</strong></span> 
     </span>
     <span class='ocr_line' id='line_1_16' title="bbox 161 1968 1334 2065; baseline -0.002 -25"><span class='ocrx_word' id='word_1_117' title='bbox 161 1975 211 2041; x_wconf 90' lang='lat' dir='ltr'><strong>hic</strong></span> <span class='ocrx_word' id='word_1_118' title='bbox 232 1999 284 2041; x_wconf 89' lang='lat' dir='ltr'><strong>me</strong></span> <span class='ocrx_word' id='word_1_119' title='bbox 306 1975 409 2042; x_wconf 91' lang='lat' dir='ltr'><strong>nodus</strong></span> <span class='ocrx_word' id='word_1_120' title='bbox 432 1977 498 2041; x_wconf 91' lang='lat' dir='ltr'><strong>iam</strong></span> <span class='ocrx_word' id='word_1_121' title='bbox 519 1987 705 2064; x_wconf 90' lang='lat' dir='ltr'><strong>promptum</strong></span> <span class='ocrx_word' id='word_1_122' title='bbox 727 1987 825 2065; x_wconf 89' lang='lat' dir='ltr'><strong>atque</strong></span> <span class='ocrx_word' id='word_1_123' title='bbox 847 1968 1009 2044; x_wconf 51' lang='lat' dir='ltr'><strong>decliuem¹</strong></span> <span class='ocrx_word' id='word_1_124' title='bbox 1029 1978 1072 2042; x_wconf 88' lang='lat' dir='ltr'><strong>ad</strong></span> <span class='ocrx_word' id='word_1_125' title='bbox 1088 1975 1300 2062; x_wconf 84' lang='lat' dir='ltr'><strong>efflagitanda</strong></span> <span class='ocrx_word' id='word_1_126' title='bbox 1317 1988 1334 2038; x_wconf 82' lang='lat'>4</span> 
     </span>
     <span class='ocr_line' id='line_1_17' title="bbox 158 2077 1299 2165; baseline 0.001 -23"><span class='ocrx_word' id='word_1_127' title='bbox 158 2077 339 2161; x_wconf 88' lang='lat' dir='ltr'><strong>illationum</strong></span> <span class='ocrx_word' id='word_1_128' title='bbox 361 2077 558 2144; x_wconf 87' lang='lat' dir='ltr'><strong>documenta</strong></span> <span class='ocrx_word' id='word_1_129' title='bbox 578 2079 705 2165; x_wconf 85' lang='lat' dir='ltr'><strong>defixit,</strong></span> <span class='ocrx_word' id='word_1_130' title='bbox 728 2102 802 2145; x_wconf 91' lang='lat' dir='ltr'><strong>cum</strong></span> <span class='ocrx_word' id='word_1_131' title='bbox 823 2079 992 2147; x_wconf 87' lang='lat' dir='ltr'><strong>uideretur</strong></span> <span class='ocrx_word' id='word_1_132' title='bbox 1013 2079 1164 2146; x_wconf 90' lang='lat' dir='ltr'><strong>omnibus</strong></span> <span class='ocrx_word' id='word_1_133' title='bbox 1179 2080 1299 2145; x_wconf 88' lang='lat' dir='ltr'><strong>securi·</strong></span> 
     </span>
     <span class='ocr_line' id='line_1_18' title="bbox 159 2178 1354 2268; baseline -0.002 -22"><span class='ocrx_word' id='word_1_134' title='bbox 159 2179 281 2246; x_wconf 88' lang='lat' dir='ltr'><strong>tatibus</strong></span> <span class='ocrx_word' id='word_1_135' title='bbox 309 2202 381 2246; x_wconf 88' lang='lat' dir='ltr'><strong>esse</strong></span> <span class='ocrx_word' id='word_1_136' title='bbox 407 2178 631 2248; x_wconf 87' lang='lat' dir='ltr'><strong>uehementior</strong></span> <span class='ocrx_word' id='word_1_137' title='bbox 651 2183 857 2268; x_wconf 90' lang='lat' dir='ltr'><strong>imperatoris</strong></span> <span class='ocrx_word' id='word_1_138' title='bbox 878 2183 1026 2247; x_wconf 87' lang='lat' dir='ltr'><strong>assertio.</strong></span> <span class='ocrx_word' id='word_1_139' title='bbox 1072 2181 1113 2246; x_wconf 92' lang='lat' dir='ltr'><strong>de</strong></span> <span class='ocrx_word' id='word_1_140' title='bbox 1135 2181 1227 2246; x_wconf 89' lang='lat' dir='ltr'><strong>cuius</strong></span> <span class='ocrx_word' id='word_1_141' title='bbox 1250 2202 1300 2244; x_wconf 90' lang='lat' dir='ltr'><strong>re·</strong></span> <span class='ocrx_word' id='word_1_142' title='bbox 1333 2194 1354 2237; x_wconf 67' lang='lat'>⁸</span> 
     </span>
     <span class='ocr_line' id='line_1_19' title="bbox 160 2283 1300 2369; baseline 0.002 -23"><span class='ocrx_word' id='word_1_143' title='bbox 160 2283 287 2369; x_wconf 86' lang='lat' dir='ltr'><strong>sponsis</strong></span> <span class='ocrx_word' id='word_1_144' title='bbox 310 2283 380 2369; x_wconf 85' lang='lat' dir='ltr'><strong>iugi</strong></span> <span class='ocrx_word' id='word_1_145' title='bbox 400 2283 522 2348; x_wconf 90' lang='lat' dir='ltr'><strong>honore</strong></span> <span class='ocrx_word' id='word_1_146' title='bbox 544 2284 705 2349; x_wconf 90' lang='lat' dir='ltr'><strong>mansuris</strong></span> <span class='ocrx_word' id='word_1_147' title='bbox 727 2296 857 2352; x_wconf 89' lang='lat' dir='ltr'><strong>uestrae</strong></span> <span class='ocrx_word' id='word_1_148' title='bbox 878 2283 1068 2349; x_wconf 86' lang='lat' dir='ltr'><strong>clementiae</strong></span> <span class='ocrx_word' id='word_1_149' title='bbox 1090 2283 1141 2348; x_wconf 86' lang='lat' dir='ltr'><strong>fas</strong></span> <span class='ocrx_word' id='word_1_150' title='bbox 1163 2293 1300 2349; x_wconf 88' lang='lat' dir='ltr'><strong>estesse</strong></span> 
     </span>
     <span class='ocr_line' id='line_1_20' title="bbox 157 2384 1301 2473; baseline -0.002 -24"><span class='ocrx_word' id='word_1_151' title='bbox 157 2384 324 2450; x_wconf 88' lang='lat' dir='ltr'><strong>iudicium.</strong></span> <span class='ocrx_word' id='word_1_152' title='bbox 349 2407 408 2451; x_wconf 91' lang='lat' dir='ltr'><strong>nos</strong></span> <span class='ocrx_word' id='word_1_153' title='bbox 424 2388 573 2451; x_wconf 90' lang='lat' dir='ltr'><strong>uenerari</strong></span> <span class='ocrx_word' id='word_1_154' title='bbox 588 2389 696 2473; x_wconf 89' lang='lat' dir='ltr'><strong>potius</strong></span> <span class='ocrx_word' id='word_1_155' title='bbox 711 2408 808 2472; x_wconf 90' lang='lat' dir='ltr'><strong>quam</strong></span> <span class='ocrx_word' id='word_1_156' title='bbox 823 2388 1032 2473; x_wconf 88' lang='lat' dir='ltr'><strong>interpretari</strong></span> <span class='ocrx_word' id='word_1_157' title='bbox 1047 2384 1176 2451; x_wconf 89' lang='lat' dir='ltr'><strong>oracula</strong></span> <span class='ocrx_word' id='word_1_158' title='bbox 1188 2385 1301 2450; x_wconf 86' lang='lat' dir='ltr'><strong>diuina</strong></span> 
     </span>
     <span class='ocr_line' id='line_1_21' title="bbox 157 2487 1301 2574; baseline 0.002 -24"><span class='ocrx_word' id='word_1_159' title='bbox 157 2487 398 2551; x_wconf 86' lang='lat' dir='ltr'><strong>consueuimus.</strong></span> <span class='ocrx_word' id='word_1_160' title='bbox 426 2497 555 2573; x_wconf 89' lang='lat' dir='ltr'><strong>praesto</strong></span> <span class='ocrx_word' id='word_1_161' title='bbox 570 2497 646 2553; x_wconf 89' lang='lat' dir='ltr'><strong>sunt</strong></span> <span class='ocrx_word' id='word_1_162' title='bbox 658 2497 865 2553; x_wconf 89' lang='lat' dir='ltr'><strong>monumenta</strong></span> <span class='ocrx_word' id='word_1_163' title='bbox 878 2497 1055 2574; x_wconf 87' lang='lat' dir='ltr'><strong>gestorum,</strong></span> <span class='ocrx_word' id='word_1_164' title='bbox 1070 2488 1213 2571; x_wconf 88' lang='lat' dir='ltr'><strong>partium</strong></span> <span class='ocrx_word' id='word_1_165' title='bbox 1224 2510 1301 2572; x_wconf 89' lang='lat' dir='ltr'><strong>quo-</strong></span> 
     </span>
     <span class='ocr_line' id='line_1_22' title="bbox 156 2588 1301 2677; baseline -0.002 -24"><span class='ocrx_word' id='word_1_166' title='bbox 156 2610 222 2672; x_wconf 90' lang='lat' dir='ltr'><strong>que</strong></span> <span class='ocrx_word' id='word_1_167' title='bbox 237 2588 462 2675; x_wconf 87' lang='lat' dir='ltr'><strong>supplementa</strong></span> <span class='ocrx_word' id='word_1_168' title='bbox 476 2611 541 2655; x_wconf 91' lang='lat' dir='ltr'><strong>non</strong></span> <span class='ocrx_word' id='word_1_169' title='bbox 553 2589 680 2654; x_wconf 87' lang='lat' dir='ltr'><strong>desunt.</strong></span> <span class='ocrx_word' id='word_1_170' title='bbox 707 2601 919 2677; x_wconf 71' lang='lat' dir='ltr'><strong>aequumst,</strong></span> <span class='ocrx_word' id='word_1_171' title='bbox 934 2600 970 2656; x_wconf 90' lang='lat' dir='ltr'><strong>ut</strong></span> <span class='ocrx_word' id='word_1_172' title='bbox 981 2590 1160 2655; x_wconf 90' lang='lat' dir='ltr'><strong>maiestatis</strong></span> <span class='ocrx_word' id='word_1_173' title='bbox 1170 2599 1301 2654; x_wconf 88' lang='lat' dir='ltr'><strong>uestrae</strong></span> 
     </span>
     <span class='ocr_line' id='line_1_23' title="bbox 155 2690 868 2787; baseline 0.003 -33"><span class='ocrx_word' id='word_1_174' title='bbox 155 2690 352 2787; x_wconf 85' lang='lat' dir='ltr'><strong>informetur</strong></span> <span class='ocrx_word' id='word_1_175' title='bbox 373 2690 510 2757; x_wconf 89' lang='lat' dir='ltr'><strong>arbitrio</strong></span> <span class='ocrx_word' id='word_1_176' title='bbox 532 2690 673 2757; x_wconf 91' lang='lat' dir='ltr'><strong>humana</strong></span> <span class='ocrx_word' id='word_1_177' title='bbox 694 2694 868 2759; x_wconf 88' lang='lat' dir='ltr'><strong>cunctatio.</strong></span> 
     </span>
    </p>
   </div>
   <div class='ocr_carea' id='block_1_3' title="bbox 591 2877 866 2944">
    <p class='ocr_par' dir='ltr' id='par_1_3' title="bbox 591 2877 866 2944">
     <span class='ocr_line' id='line_1_24' title="bbox 591 2877 866 2944; baseline 0.004 -3"><span class='ocrx_word' id='word_1_178' title='bbox 591 2877 792 2944; x_wconf 83' lang='lat' dir='ltr'><strong>RELATIO</strong></span> <span class='ocrx_word' id='word_1_179' title='bbox 814 2880 866 2943; x_wconf 89' lang='lat'><strong>31.</strong></span> 
     </span>
    </p>
   </div>
   <div class='ocr_carea' id='block_1_4' title="bbox 158 2981 1301 3288">
    <p class='ocr_par' dir='ltr' id='par_1_4' title="bbox 158 2981 1301 3288">
     <span class='ocr_line' id='line_1_25' title="bbox 244 2981 1301 3095; baseline 0.002 -35"><span class='ocrx_word' id='word_1_180' title='bbox 244 2995 392 3062; x_wconf 86' lang='lat' dir='ltr'><strong>Moribus</strong></span> <span class='ocrx_word' id='word_1_181' title='bbox 420 2997 544 3061; x_wconf 88' lang='lat' dir='ltr'><strong>scaeuis</strong></span> <span class='ocrx_word' id='word_1_182' title='bbox 573 2996 733 3062; x_wconf 87' lang='lat' dir='ltr'><strong>familiare</strong></span> <span class='ocrx_word' id='word_1_183' title='bbox 760 2981 860 3083; x_wconf 85' lang='lat' dir='ltr'><strong>atquc</strong></span> <span class='ocrx_word' id='word_1_184' title='bbox 885 3006 1057 3095; x_wconf 81' lang='lat' dir='ltr'><strong>cognatum</strong></span> <span class='ocrx_word' id='word_1_185' title='bbox 1090 3008 1140 3063; x_wconf 89' lang='lat' dir='ltr'><strong>est</strong></span> <span class='ocrx_word' id='word_1_186' title='bbox 1173 3019 1301 3062; x_wconf 85' lang='lat' dir='ltr'><strong>armare</strong></span> 
     </span>
     <span class='ocr_line' id='line_1_26' title="bbox 158 3098 1299 3186; baseline -0.001 -23"><span class='ocrx_word' id='word_1_187' title='bbox 158 3098 294 3184; x_wconf 89' lang='lat' dir='ltr'><strong>spiritus</strong></span> <span class='ocrx_word' id='word_1_188' title='bbox 315 3099 519 3185; x_wconf 89' lang='lat' dir='ltr'><strong>impunitatis</strong></span> <span class='ocrx_word' id='word_1_189' title='bbox 543 3099 704 3186; x_wconf 85' lang='lat' dir='ltr'><strong>exemplo,</strong></span> <span class='ocrx_word' id='word_1_190' title='bbox 733 3099 812 3167; x_wconf 91' lang='lat' dir='ltr'><strong>ddd.</strong></span> <span class='ocrx_word' id='word_1_191' title='bbox 834 3099 956 3186; x_wconf 92' lang='lat' dir='ltr'><strong>imppp.</strong></span> <span class='ocrx_word' id='word_1_192' title='bbox 992 3122 1050 3164; x_wconf 90' lang='lat' dir='ltr'><strong>cur</strong></span> <span class='ocrx_word' id='word_1_193' title='bbox 1078 3101 1164 3164; x_wconf 89' lang='lat' dir='ltr'><strong>enim</strong></span> <span class='ocrx_word' id='word_1_194' title='bbox 1186 3121 1299 3164; x_wconf 87' lang='lat' dir='ltr'><strong>secun-</strong></span> 
     </span>
     <span class='ocr_line' id='line_1_27' title="bbox 158 3197 1299 3288; baseline 0.001 -25"><span class='ocrx_word' id='word_1_195' title='bbox 158 3197 238 3264; x_wconf 92' lang='lat' dir='ltr'><strong>dum</strong></span> <span class='ocrx_word' id='word_1_196' title='bbox 259 3199 410 3286; x_wconf 87' lang='lat' dir='ltr'><strong>desperet</strong></span> <span class='ocrx_word' id='word_1_197' title='bbox 433 3200 605 3286; x_wconf 85' lang='lat' dir='ltr'><strong>effugium,</strong></span> <span class='ocrx_word' id='word_1_198' title='bbox 628 3202 684 3287; x_wconf 92' lang='lat' dir='ltr'><strong>qui</strong></span> <span class='ocrx_word' id='word_1_199' title='bbox 706 3201 837 3287; x_wconf 88' lang='lat' dir='ltr'><strong>laqueos</strong></span> <span class='ocrx_word' id='word_1_200' title='bbox 861 3202 1006 3267; x_wconf 88' lang='lat' dir='ltr'><strong>criminis</strong></span> <span class='ocrx_word' id='word_1_201' title='bbox 1029 3202 1146 3288; x_wconf 88' lang='lat' dir='ltr'><strong>prioris</strong></span> <span class='ocrx_word' id='word_1_202' title='bbox 1169 3199 1299 3267; x_wconf 78' lang='lat' dir='ltr'><strong>euasit?</strong></span> 
     </span>
    </p>
   </div>
   <div class='ocr_carea' id='block_1_5' title="bbox 156 3502 1302 4519">
    <p class='ocr_par' dir='ltr' id='par_1_5' title="bbox 158 3502 1302 4183">
     <span class='ocr_line' id='line_1_28' title="bbox 231 3502 1301 3573; baseline 0.004 -17"><span class='ocrx_word' id='word_1_203' title='bbox 231 3508 244 3556; x_wconf 94' lang='lat'>1</span> <span class='ocrx_word' id='word_1_204' title='bbox 264 3502 456 3559; x_wconf 77' lang='lat' dir='ltr'><strong>cattianillam</strong></span> <span class='ocrx_word' id='word_1_205' title='bbox 477 3506 522 3561; x_wconf 83' lang='lat' dir='ltr'><strong>bie</strong></span> <span class='ocrx_word' id='word_1_206' title='bbox 544 3511 569 3560; x_wconf 83' lang='lat' dir='ltr'><strong>et</strong></span> <span class='ocrx_word' id='word_1_207' title='bbox 586 3507 665 3573; x_wconf 75' lang='lat' dir='ltr'><strong>infre</strong></span> <span class='ocrx_word' id='word_1_208' title='bbox 683 3505 745 3560; x_wconf 83' lang='lat' dir='ltr'><strong>edel.</strong></span> <span class='ocrx_word' id='word_1_209' title='bbox 763 3521 862 3560; x_wconf 72' lang='lat' dir='ltr'><strong>maaca</strong></span> <span class='ocrx_word' id='word_1_210' title='bbox 878 3521 935 3561; x_wconf 77' lang='lat' dir='ltr'><strong>aen</strong></span> <span class='ocrx_word' id='word_1_211' title='bbox 951 3507 1059 3561; x_wconf 75' lang='lat' dir='ltr'><strong>inueni.</strong></span> <span class='ocrx_word' id='word_1_212' title='bbox 1128 3505 1301 3560; x_wconf 86' lang='lat' dir='ltr'><strong>Seuerellam</strong></span> 
     </span>
     <span class='ocr_line' id='line_1_29' title="bbox 159 3569 1301 3643; baseline 0.002 -19"><span class='ocrx_word' id='word_1_213' title='bbox 159 3569 206 3624; x_wconf 76' lang='lat' dir='ltr'><strong>hie</strong></span> <span class='ocrx_word' id='word_1_214' title='bbox 223 3576 248 3625; x_wconf 86' lang='lat' dir='ltr'><strong>et</strong></span> <span class='ocrx_word' id='word_1_215' title='bbox 264 3570 344 3638; x_wconf 77' lang='lat' dir='ltr'><strong>infra</strong></span> <span class='ocrx_word' id='word_1_216' title='bbox 362 3573 424 3627; x_wconf 84' lang='lat' dir='ltr'><strong>edd.</strong></span> <span class='ocrx_word' id='word_1_217' title='bbox 504 3590 605 3642; x_wconf 88' lang='lat' dir='ltr'><strong>urgere</strong></span> <span class='ocrx_word' id='word_1_218' title='bbox 627 3580 717 3628; x_wconf 72' lang='lat' dir='ltr'><strong>emt·</strong></span> <span class='ocrx_word' id='word_1_219' title='bbox 794 3581 810 3628; x_wconf 88' lang='lat'>3</span> <span class='ocrx_word' id='word_1_220' title='bbox 832 3573 964 3643; x_wconf 87' lang='lat' dir='ltr'><strong>astringit</strong></span> <span class='ocrx_word' id='word_1_221' title='bbox 981 3574 1043 3628; x_wconf 83' lang='lat' dir='ltr'><strong>edd.</strong></span> <span class='ocrx_word' id='word_1_222' title='bbox 1120 3572 1220 3626; x_wconf 89' lang='lat' dir='ltr'><strong>harum</strong></span> <span class='ocrx_word' id='word_1_223' title='bbox 1237 3587 1301 3628; x_wconf 75' lang='lat' dir='ltr'><strong>aaa:</strong></span> 
     </span>
     <span class='ocr_line' id='line_1_30' title="bbox 158 3637 1300 3717; baseline 0.005 -27"><span class='ocrx_word' id='word_1_224' title='bbox 158 3637 261 3691; x_wconf 88' lang='lat' dir='ltr'><strong>horum</strong></span> <span class='ocrx_word' id='word_1_225' title='bbox 278 3645 298 3690; x_wconf 70' lang='lat' dir='ltr'><strong>r</strong></span> <span class='ocrx_word' id='word_1_226' title='bbox 317 3643 342 3694; x_wconf 87' lang='lat' dir='ltr'><strong>et</strong></span> <span class='ocrx_word' id='word_1_227' title='bbox 359 3640 420 3696; x_wconf 84' lang='lat' dir='ltr'><strong>edd.</strong></span> <span class='ocrx_word' id='word_1_228' title='bbox 506 3658 575 3710; x_wconf 89' lang='lat' dir='ltr'><strong>quas</strong></span> <span class='ocrx_word' id='word_1_229' title='bbox 592 3648 625 3695; x_wconf 71' lang='lat' dir='ltr'><strong>r:</strong></span> <span class='ocrx_word' id='word_1_230' title='bbox 644 3656 714 3710; x_wconf 91' lang='lat' dir='ltr'><strong>quos</strong></span> <span class='ocrx_word' id='word_1_231' title='bbox 732 3641 793 3699; x_wconf 84' lang='lat' dir='ltr'><strong>edd.</strong></span> <span class='ocrx_word' id='word_1_232' title='bbox 878 3648 894 3695; x_wconf 84' lang='lat'><strong>6</strong></span> <span class='ocrx_word' id='word_1_233' title='bbox 912 3640 1075 3695; x_wconf 85' lang='lat' dir='ltr'><strong>securitates</strong></span> <span class='ocrx_word' id='word_1_234' title='bbox 1098 3641 1173 3696; x_wconf 84' lang='lat' dir='ltr'><strong>Lect.</strong></span> <span class='ocrx_word' id='word_1_235' title='bbox 1189 3644 1216 3694; x_wconf 82' lang='lat'><strong>2.</strong></span> <span class='ocrx_word' id='word_1_236' title='bbox 1234 3655 1300 3717; x_wconf 66' lang='lat' dir='ltr'><strong>sqq„</strong></span> 
     </span>
     <span class='ocr_line' id='line_1_31' title="bbox 158 3705 1300 3778; baseline 0.004 -20"><span class='ocrx_word' id='word_1_237' title='bbox 158 3705 318 3759; x_wconf 82' lang='lat' dir='ltr'><strong>securitatis</strong></span> <span class='ocrx_word' id='word_1_238' title='bbox 335 3713 355 3758; x_wconf 80' lang='lat' dir='ltr'><strong>’r</strong></span> <span class='ocrx_word' id='word_1_239' title='bbox 373 3707 461 3766; x_wconf 77' lang='lat' dir='ltr'><strong>Geta</strong></span> <span class='ocrx_word' id='word_1_240' title='bbox 480 3725 505 3776; x_wconf 84' lang='lat' dir='ltr'><strong>q.</strong></span> <span class='ocrx_word' id='word_1_241' title='bbox 578 3715 594 3764; x_wconf 87' lang='lat'>8</span> <span class='ocrx_word' id='word_1_242' title='bbox 610 3708 746 3778; x_wconf 88' lang='lat' dir='ltr'><strong>rescripto</strong></span> <span class='ocrx_word' id='word_1_243' title='bbox 764 3708 800 3762; x_wconf 84' lang='lat' dir='ltr'><strong>ad</strong></span> <span class='ocrx_word' id='word_1_244' title='bbox 817 3709 984 3763; x_wconf 82' lang='lat' dir='ltr'><strong>relationem</strong></span> <span class='ocrx_word' id='word_1_245' title='bbox 1002 3708 1060 3761; x_wconf 89' lang='lat' dir='ltr'><strong>diui</strong></span> <span class='ocrx_word' id='word_1_246' title='bbox 1077 3706 1212 3777; x_wconf 87' lang='lat' dir='ltr'><strong>principis</strong></span> <span class='ocrx_word' id='word_1_247' title='bbox 1229 3709 1300 3762; x_wconf 89' lang='lat' dir='ltr'><strong>mte-</strong></span> 
     </span>
     <span class='ocr_line' id='line_1_32' title="bbox 158 3772 1301 3852; baseline 0.003 -28"><span class='ocrx_word' id='word_1_248' title='bbox 158 3772 240 3849; x_wconf 81' lang='lat' dir='ltr'><strong>retnr</strong></span> <span class='ocrx_word' id='word_1_249' title='bbox 261 3779 281 3824; x_wconf 80' lang='lat' dir='ltr'><strong>’r</strong></span> <span class='ocrx_word' id='word_1_250' title='bbox 303 3774 362 3841; x_wconf 83' lang='lat' dir='ltr'><strong>(sed</strong></span> <span class='ocrx_word' id='word_1_251' title='bbox 385 3783 469 3844; x_wconf 79' lang='lat' dir='ltr'><strong>‘scnp</strong></span> <span class='ocrx_word' id='word_1_252' title='bbox 504 3777 524 3844; x_wconf 83' lang='lat'><strong>⁷)</strong></span> <span class='ocrx_word' id='word_1_253' title='bbox 546 3780 572 3830; x_wconf 83' lang='lat' dir='ltr'><strong>et</strong></span> <span class='ocrx_word' id='word_1_254' title='bbox 593 3775 674 3830; x_wconf 78' lang='lat' dir='ltr'><strong>Suae.-</strong></span> <span class='ocrx_word' id='word_1_255' title='bbox 697 3776 801 3846; x_wconf 88' lang='lat' dir='ltr'><strong>scripto</strong></span> <span class='ocrx_word' id='word_1_256' title='bbox 824 3776 860 3828; x_wconf 80' lang='lat' dir='ltr'><strong>ad</strong></span> <span class='ocrx_word' id='word_1_257' title='bbox 886 3775 1053 3830; x_wconf 84' lang='lat' dir='ltr'><strong>relationem</strong></span> <span class='ocrx_word' id='word_1_258' title='bbox 1080 3774 1139 3829; x_wconf 89' lang='lat' dir='ltr'><strong>diui</strong></span> <span class='ocrx_word' id='word_1_259' title='bbox 1165 3774 1257 3852; x_wconf 89' lang='lat' dir='ltr'><strong>princi</strong></span> <span class='ocrx_word' id='word_1_260' title='bbox 1278 3774 1301 3828; x_wconf 90' lang='lat' dir='ltr'><strong>is</strong></span> 
     </span>
     <span class='ocr_line' id='line_1_33' title="bbox 159 3840 1302 3912; baseline 0.003 -20"><span class='ocrx_word' id='word_1_261' title='bbox 159 3840 323 3893; x_wconf 78' lang='lat' dir='ltr'><strong>mitteretur</strong></span> <span class='ocrx_word' id='word_1_262' title='bbox 345 3841 404 3897; x_wconf 77' lang='lat' dir='ltr'><strong>aa.</strong></span> <span class='ocrx_word' id='word_1_263' title='bbox 422 3858 488 3910; x_wconf 77' lang='lat' dir='ltr'><strong>sqq,</strong></span> <span class='ocrx_word' id='word_1_264' title='bbox 510 3842 615 3912; x_wconf 87' lang='lat' dir='ltr'><strong>scripta</strong></span> <span class='ocrx_word' id='word_1_265' title='bbox 632 3843 669 3897; x_wconf 84' lang='lat' dir='ltr'><strong>ad</strong></span> <span class='ocrx_word' id='word_1_266' title='bbox 689 3843 856 3898; x_wconf 83' lang='lat' dir='ltr'><strong>rationalem</strong></span> <span class='ocrx_word' id='word_1_267' title='bbox 879 3843 970 3896; x_wconf 81' lang='lat' dir='ltr'><strong>diuini</strong></span> <span class='ocrx_word' id='word_1_268' title='bbox 1007 3842 1123 3912; x_wconf 88' lang='lat' dir='ltr'><strong>rineipis</strong></span> <span class='ocrx_word' id='word_1_269' title='bbox 1141 3843 1254 3897; x_wconf 85' lang='lat' dir='ltr'><strong>mrttere</strong></span> <span class='ocrx_word' id='word_1_270' title='bbox 1288 3860 1302 3895; x_wconf 87' lang='lat' dir='ltr'><strong>r</strong></span> 
     </span>
     <span class='ocr_line' id='line_1_34' title="bbox 159 3862 1301 3986; baseline 0.002 -25"><span class='ocrx_word' id='word_1_271' title='bbox 159 3906 228 3963; x_wconf 77' lang='lat' dir='ltr'><strong>Jm.</strong></span> <span class='ocrx_word' id='word_1_272' title='bbox 245 3910 273 3961; x_wconf 77' lang='lat'><strong>2.</strong></span> <span class='ocrx_word' id='word_1_273' title='bbox 289 3923 303 3962; x_wconf 82' lang='lat' dir='ltr'><strong>a</strong></span> <span class='ocrx_word' id='word_1_274' title='bbox 321 3924 345 3986; x_wconf 80' lang='lat' dir='ltr'><strong>q.</strong></span> <span class='ocrx_word' id='word_1_275' title='bbox 364 3909 514 3977; x_wconf 86' lang='lat' dir='ltr'><strong>(rationem</strong></span> <span class='ocrx_word' id='word_1_276' title='bbox 530 3911 600 3965; x_wconf 83' lang='lat' dir='ltr'><strong>Par.</strong></span> <span class='ocrx_word' id='word_1_277' title='bbox 619 3917 644 3965; x_wconf 87' lang='lat' dir='ltr'><strong>et</strong></span> <span class='ocrx_word' id='word_1_278' title='bbox 666 3910 758 3980; x_wconf 72' lang='lat' dir='ltr'><strong>Winq.</strong></span> <span class='ocrx_word' id='word_1_279' title='bbox 845 3917 876 3965; x_wconf 89' lang='lat'><strong>10</strong></span> <span class='ocrx_word' id='word_1_280' title='bbox 898 3862 1057 3980; x_wconf 70' lang='lat' dir='ltr'><strong>gerenbr</strong></span> <span class='ocrx_word' id='word_1_281' title='bbox 1127 3917 1156 3962; x_wconf 90' lang='lat'><strong>11</strong></span> <span class='ocrx_word' id='word_1_282' title='bbox 1180 3911 1301 3963; x_wconf 85' lang='lat' dir='ltr'><strong>nruentu</strong></span> 
     </span>
     <span class='ocr_line' id='line_1_35' title="bbox 159 3924 1302 4058; baseline 0.005 -32"><span class='ocrx_word' id='word_1_283' title='bbox 159 3981 200 4054; x_wconf 40' lang='lat' dir='ltr'><strong>&#39;rr&#39;</strong></span> <span class='ocrx_word' id='word_1_284' title='bbox 218 3924 341 4054; x_wconf 75' lang='lat' dir='ltr'><strong>quenin</strong></span> <span class='ocrx_word' id='word_1_285' title='bbox 363 3977 425 4031; x_wconf 84' lang='lat' dir='ltr'><strong>edd.</strong></span> <span class='ocrx_word' id='word_1_286' title='bbox 450 3979 486 4055; x_wconf 74' lang='lat' dir='ltr'><strong>ef.</strong></span> <span class='ocrx_word' id='word_1_287' title='bbox 509 3976 618 4032; x_wconf 78' lang='lat' dir='ltr'><strong>Heeuei</strong></span> <span class='ocrx_word' id='word_1_288' title='bbox 638 3979 678 4033; x_wconf 82' lang='lat' dir='ltr'><strong>ad</strong></span> <span class='ocrx_word' id='word_1_289' title='bbox 701 3977 732 4032; x_wconf 84' lang='grc'><strong>0.</strong></span> <span class='ocrx_word' id='word_1_290' title='bbox 800 3982 866 4043; x_wconf 86' lang='grc'><em>.15,</em></span> <span class='ocrx_word' id='word_1_291' title='bbox 887 3983 913 4045; x_wconf 77' lang='grc'><strong>7,</strong></span> <span class='ocrx_word' id='word_1_292' title='bbox 936 3983 961 4035; x_wconf 91' lang='lat'><strong>1.</strong></span> <span class='ocrx_word' id='word_1_293' title='bbox 1005 3978 1151 4058; x_wconf 57' lang='lat' dir='ltr'><strong>ammittat</strong></span> <span class='ocrx_word' id='word_1_294' title='bbox 1168 3977 1302 4057; x_wconf 69' lang='lat' dir='ltr'><strong>editiones</strong></span> 
     </span>
     <span class='ocr_line' id='line_1_36' title="bbox 159 4041 1301 4116; baseline 0.004 -20"><span class='ocrx_word' id='word_1_295' title='bbox 159 4041 250 4097; x_wconf 74' lang='lat' dir='ltr'><strong>trabas</strong></span> <span class='ocrx_word' id='word_1_296' title='bbox 266 4042 332 4098; x_wconf 77' lang='lat' dir='ltr'><strong>leem</strong></span> <span class='ocrx_word' id='word_1_297' title='bbox 348 4043 495 4098; x_wconf 76' lang='lat' dir='ltr'><strong>quentius</strong></span> <span class='ocrx_word' id='word_1_298' title='bbox 511 4045 624 4110; x_wconf 78' lang='lat' dir='ltr'><strong>babent,</strong></span> <span class='ocrx_word' id='word_1_299' title='bbox 645 4046 692 4100; x_wconf 83' lang='lat' dir='ltr'><strong>sed</strong></span> <span class='ocrx_word' id='word_1_300' title='bbox 709 4045 917 4116; x_wconf 73' lang='lat' dir='ltr'><strong>Bymealmrdto</strong></span> <span class='ocrx_word' id='word_1_301' title='bbox 938 4051 1003 4100; x_wconf 84' lang='lat' dir='ltr'><strong>teate</strong></span> <span class='ocrx_word' id='word_1_302' title='bbox 1019 4062 1052 4099; x_wconf 74' lang='lat' dir='ltr'><strong>aa</strong></span> <span class='ocrx_word' id='word_1_303' title='bbox 1068 4045 1127 4100; x_wconf 82' lang='lat' dir='ltr'><strong>eod.</strong></span> <span class='ocrx_word' id='word_1_304' title='bbox 1150 4044 1236 4100; x_wconf 79' lang='lat' dir='ltr'><strong>Vetec.</strong></span> <span class='ocrx_word' id='word_1_305' title='bbox 1255 4047 1301 4112; x_wconf 79' lang='lat'><strong>27,</strong></span> 
     </span>
     <span class='ocr_line' id='line_1_37' title="bbox 158 4112 1233 4183; baseline 0.003 -20"><span class='ocrx_word' id='word_1_306' title='bbox 158 4112 186 4174; x_wconf 87' lang='lat'><strong>3,</strong></span> <span class='ocrx_word' id='word_1_307' title='bbox 204 4114 237 4163; x_wconf 88' lang='lat'><strong>11</strong></span> <span class='ocrx_word' id='word_1_308' title='bbox 254 4115 280 4164; x_wconf 83' lang='lat' dir='ltr'><strong>et</strong></span> <span class='ocrx_word' id='word_1_309' title='bbox 296 4113 339 4176; x_wconf 84' lang='lat'><strong>30,</strong></span> <span class='ocrx_word' id='word_1_310' title='bbox 357 4115 381 4177; x_wconf 87' lang='lat'><strong>5,</strong></span> <span class='ocrx_word' id='word_1_311' title='bbox 399 4115 432 4165; x_wconf 88' lang='lat'><strong>11</strong></span> <span class='ocrx_word' id='word_1_312' title='bbox 450 4113 591 4167; x_wconf 78' lang='lat' dir='ltr'><strong>eruentus</strong></span> <span class='ocrx_word' id='word_1_313' title='bbox 609 4113 723 4183; x_wconf 69' lang='lat' dir='ltr'><strong>legitur,</strong></span> <span class='ocrx_word' id='word_1_314' title='bbox 763 4113 819 4168; x_wconf 82' lang='lat' dir='ltr'><strong>uod</strong></span> <span class='ocrx_word' id='word_1_315' title='bbox 836 4113 905 4168; x_wconf 74' lang='lat' dir='ltr'><strong>matri</strong></span> <span class='ocrx_word' id='word_1_316' title='bbox 921 4113 1036 4168; x_wconf 73' lang='lat' dir='ltr'><strong>uidetur</strong></span> <span class='ocrx_word' id='word_1_317' title='bbox 1052 4113 1233 4169; x_wconf 71' lang='lat' dir='ltr'><strong>scribendum.</strong></span> 
     </span>
    </p>

    <p class='ocr_par' dir='ltr' id='par_1_6' title="bbox 159 4175 1300 4313">
     <span class='ocr_line' id='line_1_38' title="bbox 160 4175 1300 4249; baseline 0.004 -20"><span class='ocrx_word' id='word_1_318' title='bbox 160 4183 194 4230; x_wconf 87' lang='lat'><strong>14</strong></span> <span class='ocrx_word' id='word_1_319' title='bbox 211 4175 303 4231; x_wconf 87' lang='lat' dir='ltr'><strong>soluta</strong></span> <span class='ocrx_word' id='word_1_320' title='bbox 324 4183 344 4230; x_wconf 71' lang='grc' dir='ltr'><strong>Τ</strong></span> <span class='ocrx_word' id='word_1_321' title='bbox 366 4183 392 4232; x_wconf 84' lang='lat' dir='ltr'><strong>et</strong></span> <span class='ocrx_word' id='word_1_322' title='bbox 409 4179 483 4234; x_wconf 87' lang='lat' dir='ltr'><strong>Leet.</strong></span> <span class='ocrx_word' id='word_1_323' title='bbox 501 4183 528 4234; x_wconf 78' lang='lat'><strong>2.</strong></span> <span class='ocrx_word' id='word_1_324' title='bbox 550 4197 620 4249; x_wconf 74' lang='lat' dir='ltr'><strong>sqq„-</strong></span> <span class='ocrx_word' id='word_1_325' title='bbox 642 4180 726 4234; x_wconf 87' lang='lat' dir='ltr'><strong>solita</strong></span> <span class='ocrx_word' id='word_1_326' title='bbox 775 4180 806 4235; x_wconf 82' lang='lat' dir='ltr'><strong>ei.</strong></span> <span class='ocrx_word' id='word_1_327' title='bbox 830 4196 888 4249; x_wconf 79' lang='lat' dir='ltr'><strong>sq.</strong></span> <span class='ocrx_word' id='word_1_328' title='bbox 957 4186 989 4234; x_wconf 83' lang='lat'><strong>15</strong></span> <span class='ocrx_word' id='word_1_329' title='bbox 1010 4180 1056 4234; x_wconf 90' lang='lat' dir='ltr'><strong>hic</strong></span> <span class='ocrx_word' id='word_1_330' title='bbox 1073 4197 1119 4234; x_wconf 87' lang='lat' dir='ltr'><strong>me</strong></span> <span class='ocrx_word' id='word_1_331' title='bbox 1136 4180 1226 4234; x_wconf 83' lang='lat' dir='ltr'><strong>nodus</strong></span> <span class='ocrx_word' id='word_1_332' title='bbox 1243 4179 1300 4233; x_wconf 87' lang='lat' dir='ltr'><strong>iam</strong></span> 
     </span>
     <span class='ocr_line' id='line_1_39' title="bbox 159 4196 862 4313; baseline 0.006 -15"><span class='ocrx_word' id='word_1_333' title='bbox 159 4258 225 4299; x_wconf 80' lang='lat' dir='ltr'><strong>nos:</strong></span> <span class='ocrx_word' id='word_1_334' title='bbox 241 4244 287 4298; x_wconf 86' lang='lat' dir='ltr'><strong>hrc</strong></span> <span class='ocrx_word' id='word_1_335' title='bbox 304 4261 350 4299; x_wconf 87' lang='lat' dir='ltr'><strong>mc</strong></span> <span class='ocrx_word' id='word_1_336' title='bbox 368 4245 484 4301; x_wconf 75' lang='lat' dir='ltr'><strong>dodusra</strong></span> <span class='ocrx_word' id='word_1_337' title='bbox 502 4254 530 4313; x_wconf 79' lang='grc' dir='ltr'><strong>Τ,</strong></span> <span class='ocrx_word' id='word_1_338' title='bbox 548 4247 602 4301; x_wconf 91' lang='lat' dir='ltr'><strong>hoc</strong></span> <span class='ocrx_word' id='word_1_339' title='bbox 619 4264 665 4301; x_wconf 88' lang='lat' dir='ltr'><strong>me</strong></span> <span class='ocrx_word' id='word_1_340' title='bbox 684 4247 790 4301; x_wconf 90' lang='lat' dir='ltr'><strong>dudum</strong></span> <span class='ocrx_word' id='word_1_341' title='bbox 803 4196 862 4302; x_wconf 70' lang='lat' dir='ltr'><strong>edri</strong></span> 
     </span>
    </p>

    <p class='ocr_par' dir='ltr' id='par_1_7' title="bbox 156 4310 1300 4519">
     <span class='ocr_line' id='line_1_40' title="bbox 192 4310 1300 4385; baseline 0.004 -21"><span class='ocrx_word' id='word_1_342' title='bbox 192 4354 194 4358; x_wconf 64' lang='grc'>,</span> <span class='ocrx_word' id='word_1_343' title='bbox 229 4310 278 4365; x_wconf 89' lang='lat' dir='ltr'><strong>rel.</strong></span> <span class='ocrx_word' id='word_1_344' title='bbox 298 4318 339 4368; x_wconf 87' lang='lat'><strong>31.</strong></span> <span class='ocrx_word' id='word_1_345' title='bbox 361 4312 423 4368; x_wconf 77' lang='lat' dir='ltr'><strong>cel.</strong></span> <span class='ocrx_word' id='word_1_346' title='bbox 435 4320 476 4368; x_wconf 84' lang='lat'><strong>30.</strong></span> <span class='ocrx_word' id='word_1_347' title='bbox 498 4314 557 4370; x_wconf 87' lang='lat' dir='ltr'><strong>Jur.</strong></span> <span class='ocrx_word' id='word_1_348' title='bbox 568 4321 610 4370; x_wconf 90' lang='grc'><strong>44.</strong></span> <span class='ocrx_word' id='word_1_349' title='bbox 633 4315 695 4369; x_wconf 89' lang='lat' dir='ltr'><strong>Par.</strong></span> <span class='ocrx_word' id='word_1_350' title='bbox 708 4322 749 4372; x_wconf 85' lang='lat'><strong>51.</strong></span> <span class='ocrx_word' id='word_1_351' title='bbox 818 4321 859 4370; x_wconf 83' lang='lat'><strong>23.</strong></span> <span class='ocrx_word' id='word_1_352' title='bbox 877 4315 910 4369; x_wconf 93' lang='lat' dir='ltr'><strong>D.</strong></span> <span class='ocrx_word' id='word_1_353' title='bbox 928 4314 1086 4370; x_wconf 84' lang='lat' dir='ltr'><strong>Theodosio</strong></span> <span class='ocrx_word' id='word_1_354' title='bbox 1104 4331 1216 4384; x_wconf 85' lang='lat' dir='ltr'><strong>semper</strong></span> <span class='ocrx_word' id='word_1_355' title='bbox 1227 4315 1300 4385; x_wconf 81' lang='lat' dir='ltr'><strong>Aug.</strong></span> 
     </span>
     <span class='ocr_line' id='line_1_41' title="bbox 159 4377 1299 4458; baseline 0.005 -26"><span class='ocrx_word' id='word_1_356' title='bbox 159 4377 344 4458; x_wconf 60' lang='lat' dir='ltr'><strong>Symmachus</strong></span> <span class='ocrx_word' id='word_1_357' title='bbox 361 4381 531 4436; x_wconf 80' lang='lat' dir='ltr'><strong>PraetUrb.</strong></span> <span class='ocrx_word' id='word_1_358' title='bbox 551 4383 613 4437; x_wconf 83' lang='lat' dir='ltr'><strong>edd.</strong></span> <span class='ocrx_word' id='word_1_359' title='bbox 680 4381 817 4437; x_wconf 72' lang='lat' dir='ltr'><strong>sescenis</strong></span> <span class='ocrx_word' id='word_1_360' title='bbox 830 4382 889 4437; x_wconf 80' lang='lat' dir='ltr'><strong>Gal.</strong></span> <span class='ocrx_word' id='word_1_361' title='bbox 957 4382 1299 4452; x_wconf 65' lang='lat' dir='ltr'><strong>atimpunitatisrbeet.</strong></span> 
     </span>
     <span class='ocr_line' id='line_1_42' title="bbox 156 4447 984 4519; baseline 0.004 -16"><span class='ocrx_word' id='word_1_362' title='bbox 156 4449 188 4505; x_wconf 74' lang='lat'><strong>2.</strong></span> <span class='ocrx_word' id='word_1_363' title='bbox 205 4462 275 4515; x_wconf 68' lang='lat' dir='ltr'><strong>sqq:</strong></span> <span class='ocrx_word' id='word_1_364' title='bbox 291 4447 477 4504; x_wconf 76' lang='lat' dir='ltr'><strong>immunitatis</strong></span> <span class='ocrx_word' id='word_1_365' title='bbox 496 4449 555 4504; x_wconf 75' lang='lat' dir='ltr'><strong>aa.</strong></span> <span class='ocrx_word' id='word_1_366' title='bbox 572 4466 628 4519; x_wconf 78' lang='lat' dir='ltr'><strong>sqq,</strong></span> <span class='ocrx_word' id='word_1_367' title='bbox 697 4449 731 4504; x_wconf 89' lang='lat' dir='ltr'><strong>D.</strong></span> <span class='ocrx_word' id='word_1_368' title='bbox 748 4450 905 4519; x_wconf 87' lang='lat' dir='ltr'><strong>Imperator</strong></span> <span class='ocrx_word' id='word_1_369' title='bbox 921 4451 984 4507; x_wconf 80' lang='lat' dir='ltr'><strong>edd.</strong></span> 
     </span>
    </p>
   </div>
   <div class='ocr_carea' id='block_1_6' title="bbox 858 4248 1111 4302">
    <p class='ocr_par' dir='ltr' id='par_1_8' title="bbox 858 4248 1111 4302">
     <span class='ocr_line' id='line_1_43' title="bbox 858 4248 1111 4302; baseline -0.008 0"><span class='ocrx_word' id='word_1_370' title='bbox 858 4289 864 4302; x_wconf 94' lang='lat'><strong>.</strong></span> <span class='ocrx_word' id='word_1_371' title='bbox 933 4248 1073 4302; x_wconf 89' lang='lat' dir='ltr'><strong>dechuem</strong></span> <span class='ocrx_word' id='word_1_372' title='bbox 1091 4255 1111 4300; x_wconf 80' lang='lat' dir='ltr'><strong>&#39;r</strong></span> 
     </span>
    </p>
   </div>
   <div class='ocr_carea' id='block_1_7' title="bbox 0 0 1486 5130">
    <p class='ocr_par' dir='ltr' id='par_1_9' title="bbox 0 0 1486 5130">
     <span class='ocr_line' id='line_1_44' title="bbox 0 0 1486 5130; baseline 0 0"><span class='ocrx_word' id='word_1_373' title='bbox 0 0 1486 5130; x_wconf 95' lang='lat' dir='ltr'><strong> </strong></span> 
     </span>
    </p>
   </div>
  </div>
 </body>
</html>
