2970 5122
449 370 629 418 sruuacnr
651 371 805 417 susurro
828 359 879 416 42.
903 359 953 416 43.
978 359 1029 415 44.
1270 354 1312 418 59

166 519 202 573 et
223 507 346 573 Arcadi
373 505 490 594 inclyti
511 509 650 571 uictores
673 528 712 572 ac
734 504 987 590 triumphatores
1010 527 1137 591 semper
1159 506 1311 590 Augusti.

166 612 305 697 dignum
334 620 384 676 est
405 611 506 694 igitur
528 608 641 674 diuina
662 618 846 696 temporum
867 616 1050 673 uestrorum
1074 607 1247 689 felicitate,
1277 619 1314 672 ut

165 723 335 800 peractam
357 713 428 778 sine
450 714 627 778 offensione
641 710 801 788 militiam,
825 711 852 773 si
868 711 1081 795 perennitatis
1096 723 1225 776 uestrae
1239 711 1313 796 pius

169 825 270 882 nutus
292 816 448 898 arriserit,
472 815 701 901 praerogatiua
723 812 911 899 sollempnis
935 821 1080 876 exornet.

145 1032 158 1072 s
574 1011 581 1028 ’
604 999 806 1065 RELATIO
829 999 879 1063 43.

255 1129 362 1193 Curae
389 1129 468 1195 mihi
497 1140 565 1212 est,
595 1137 633 1194 ut
655 1129 711 1214 qui
733 1128 849 1192 animis
874 1136 906 1191 et
929 1128 1098 1192 maiestate
1121 1125 1312 1210 congruitis,

168 1240 283 1296 mutua
304 1232 552 1297 honorificentia
573 1231 755 1317 gaudeatis.
802 1230 938 1313 dignum
961 1239 1013 1293 est
1039 1229 1155 1314 igitur,
1184 1227 1314 1292 domine

169 1334 346 1419 imperator
369 1334 602 1400 Ualentiniane
623 1333 748 1421 inclyte
769 1335 873 1397 uictor
895 1355 933 1396 ac
954 1331 1172 1416 triumphator
1188 1353 1315 1416 semper

169 1437 331 1520 Auguste,
354 1446 390 1501 ut
406 1438 570 1503 decretum
585 1446 716 1504 senatus
731 1436 773 1500 ad
788 1435 1022 1500 inuictissimos
1037 1435 1156 1499 fratres
1171 1434 1313 1497 numinis

132 1565 157 1603 10
171 1540 231 1621 tui,
255 1541 284 1602 si
298 1541 344 1604 ita
360 1539 475 1626 placet,
499 1539 672 1604 clementia
687 1549 743 1603 tua
758 1540 943 1603 insinuante
958 1537 1137 1623 perueniat.
1176 1558 1314 1621 quorum
1332 1561 1347 1606 2

168 1651 282 1707 auctor
297 1651 331 1706 et
344 1664 474 1728 parens,
496 1652 533 1708 ut
547 1642 673 1707 dudum
688 1666 718 1705 u.
736 1665 764 1706 c.
781 1650 813 1706 et
828 1639 947 1705 illustri
962 1640 1144 1704 officiorum
1159 1639 1314 1722 magistro

170 1745 340 1829 scripsisse
370 1746 519 1826 memini,
554 1753 735 1809 statuarum
764 1744 962 1830 equestrium
993 1743 1113 1807 honore
1142 1739 1313 1803 decoratus

170 1856 230 1928 est,
246 1867 327 1933 quas
344 1848 372 1910 ei
389 1847 467 1912 ordo
483 1847 679 1912 uenerabilis
696 1847 847 1912 Africani
863 1857 895 1910 et
906 1845 1101 1909 Brittannici
1116 1842 1193 1906 belli
1208 1863 1312 1906 recor-

171 1948 301 2014 datione
322 1949 467 2015 decreuit
488 1972 526 2013 ea
541 1951 666 2015 scilicet
680 1972 789 2030 causa,
811 1958 847 2013 ut
862 1949 957 2013 iustis
974 1947 1179 2034 superiorum
1194 1944 1313 2010 ducum

131 2070 155 2110 15
169 2051 274 2117 titulis
297 2052 516 2138 praesentium
539 2053 627 2117 circa
649 2075 708 2119 uos
731 2052 861 2117 deuotio
885 2060 1099 2138 prouocetur:

601 2239 803 2304 RELATIO
824 2239 874 2302 44.

158 2409 163 2421 ·
255 2366 338 2431 Cum
367 2368 532 2454 mancipes
562 2368 739 2431 salinarum
763 2388 880 2450 magno
905 2388 947 2430 ex
970 2386 1103 2429 numero
1119 2365 1169 2428 ad
1191 2386 1313 2451 paucos

171 2468 296 2535 redacti
318 2470 522 2534 necessitatis
545 2471 697 2556 publicae
718 2468 834 2534 molem
859 2467 944 2533 ferre
960 2491 1025 2533 non
1040 2480 1183 2554 possent,
1206 2468 1316 2534 delata

171 2570 409 2659 supplicatione
437 2582 638 2654 meruerunt,
669 2581 706 2636 ut
732 2571 799 2637 his·
814 2573 870 2657 qui
899 2580 974 2634 ante
997 2572 1115 2636 secreti
1136 2580 1235 2658 atque
1258 2593 1312 2634 ex-

131 2672 275 2738 aeusati
289 2671 420 2739 fuerant
439 2673 664 2758 redderentur,
689 2684 721 2739 et
743 2695 785 2737 ex
807 2672 880 2738 aliis
903 2672 1093 2760 corporibus
1117 2696 1174 2738 seu
1198 2695 1314 2738 uacan-

170 2775 259 2841 tibus
281 2776 367 2841 iusta
382 2775 609 2863 supplementa
630 2779 855 2842 incunctanter
875 2776 1068 2861 acciperent,
1092 2775 1167 2841 ddd.
1186 2777 1313 2862 imppp.

169 2877 310 2963 allegata
330 2878 433 2963 igitur
454 2880 682 2966 praeceptione
705 2879 832 2960 diuina,
861 2901 934 2944 eum
955 2877 1128 2965 plerosque
1151 2879 1314 2943 consortio

172 3001 229 3044 suo
262 2991 338 3046 ante
367 2990 508 3046 secretos
537 2981 657 3046 muniri
684 2981 871 3047 Macedonii
898 2980 1053 3065 suffragio
1082 2981 1313 3066 repperissent,

172 3081 362 3148 relationem
390 3104 488 3170 super
517 3105 628 3148 eorum
651 3083 884 3148 muniminibus
907 3083 1131 3169 impetrarunt.
1183 3091 1313 3147 uestrae

130 3209 157 3250 as
172 3193 299 3251 tantum
322 3183 515 3250 elementiae
537 3185 674 3251 liberum
697 3195 747 3250 est
769 3185 879 3272 inique
896 3184 1005 3248 elicita
1020 3187 1177 3272 rescripta
1193 3185 1324 3249 rescins

172 3286 257 3351 dere.
295 3296 372 3352 tunc
394 3297 529 3373 urgente
553 3288 685 3354 defectu
707 3287 923 3353 nauicularios
947 3309 1048 3373 aeque
1070 3286 1233 3371 lignorum
1256 3287 1346 3351 ob·‘.

161 3645 165 3651 .
241 3593 426 3647 lerchadiT
507 3595 702 3649 tuestrorum
724 3596 885 3663 temporum
907 3594 967 3648 edd.
1048 3594 1166 3646 4nutus
1184 3591 1272 3646 Halm
1290 3596 1315 3646 et

171 3663 333 3716 coornatus
351 3667 371 3712 T
389 3662 484 3714 uultus
503 3663 564 3718 edd.
1239 3710 1241 3719 ,

238 3729 288 3782 rel.
300 3735 342 3786 43.
365 3729 424 3782 Jur.
437 3736 478 3784 57.
501 3730 563 3784 Par.
576 3735 617 3786 64.
677 3734 692 3783 5
705 3728 737 3784 D.
751 3728 908 3783 Theodosio
926 3744 1037 3798 semper
1048 3728 1121 3797 Aug.
1131 3727 1314 3795 Symmachus

171 3795 261 3854 Praei.
279 3796 346 3852 Urb.
366 3797 426 3852 edd.
496 3803 510 3851 7
530 3797 562 3852 D.
581 3799 736 3866 Imperator
755 3796 919 3856 Theodosi.
940 3837 946 3851 .
964 3796 1091 3866 Anguste
1116 3795 1248 3872 (111111.
1278 3793 1313 3853 Ι),

170 3863 213 3916 Im
235 3866 328 3919 crater
345 3864 410 3919 Jwr.
427 3868 455 3919 2.
470 3880 525 3934 sqq.
587 3873 603 3920 9
621 3866 733 3936 senatus
752 3865 956 3918 adurctlssrmos
974 3870 994 3915 T
1059 3869 1090 3917 12
1108 3879 1153 3916 me
1172 3861 1314 3930 sumpsisse

171 3933 233 3992 ed,
302 3934 531 4000 aequestnumT
601 3940 632 3987 13
651 3931 777 3986 affncanr
795 3931 1015 3985 etbr1ttann1T
1086 3937 1117 3985 15
1139 3936 1227 3983 uosT
1249 3929 1314 3983 Jur.

170 4005 197 4058 2.
214 4016 286 4070 squ:
303 4017 354 4054 nos
373 4001 432 4054 Get.
449 4017 505 4069 sqq.
977 4047 979 4051 .
1211 4033 1214 4037 -

239 4068 289 4122 rel.
313 4073 355 4126 44.
384 4068 444 4122 Jur.
461 4073 502 4124 58.
525 4069 587 4122 Par.
606 4074 648 4122 60.
722 4073 752 4121 16
776 4066 810 4121 Ι).
829 4067 986 4121 Theodosio
1008 4082 1121 4135 semper
1143 4066 1215 4134 Aug.
1235 4063 1313 4132 Syrn-

170 4137 286 4191 machus
295 4136 386 4189 Praet'.
400 4135 468 4190 Urb.
479 4137 541 4191 edd.
586 4142 617 4190 17
630 4135 787 4204 municipes
801 4135 858 4189 Gel.
905 4140 935 4188 18
945 4134 1048 4188 molem
1061 4134 1072 4186 1
1089 4151 1147 4189 car
1164 4138 1313 4187 correctaT

173 4211 204 4259 19
221 4204 252 4258 hi
270 4203 345 4258 Lect.
362 4207 389 4261 2.
406 4208 431 4257 3.
451 4203 541 4272 Sciup.
560 4220 591 4272 sq
611 4247 616 4257 .
687 4204 752 4256 ante
770 4208 835 4270 post
853 4201 978 4255 excusati
996 4202 1058 4257 edd.
1127 4200 1228 4254 secreti
1252 4215 1315 4254 aaa:

172 4270 281 4326 decreti
298 4278 317 4323 T
337 4276 361 4326 et
379 4272 441 4327 edd.
460 4271 575 4326 discreti
592 4220 668 4326 lect.
681 4275 708 4325 2.
722 4274 748 4326 3.
802 4276 832 4324 21
847 4269 880 4328 D,
893 4269 1051 4338 Imperator
1063 4270 1124 4327 edd.
1179 4274 1211 4321 23
1224 4283 1313 4321 secre-

171 4342 215 4394 tos
233 4354 296 4394 uos:
314 4340 443 4396 decretos
455 4347 474 4392 T
487 4340 550 4397 edd.
568 4340 704 4394 discretos
716 4339 784 4394 Lect
794 4341 821 4392 2.
834 4341 860 4394 3.
929 4337 1077 4391 macedoni
1090 4342 1109 4387 T
1178 4340 1313 4387 2411111111-

171 4407 291 4462 mbusT
360 4407 501 4463 Vrania
519 4423 534 4478 e
552 4423 621 4466 corr.
640 4414 668 4475 T,
686 4407 797 4462 uestrae
816 4404 891 4460 enim
909 4405 970 4459 edd.
1036 4469 1045 4487 ο
