2970 5122
182 333 226 397 34
538 346 720 396 srnuscnr
741 347 894 397 nansrro
916 338 968 398 23.

181 481 266 547 nihil
295 482 383 546 enim
410 491 576 570 repertum
606 482 732 566 fuerat,
763 483 850 569 quod
877 483 1114 571 praefecturam
1141 494 1257 570 posset
1285 485 1332 548 in-

133 589 165 638 13
181 585 325 650 uoluere.
352 594 432 649 tunc
442 584 636 670 Fulgentius
651 584 731 648 facti
746 585 798 650 sui
813 586 1012 650 conscientia
1025 586 1180 672 percitus,
1197 608 1333 653 caesum

184 710 219 752 se
242 709 315 752 esse
336 689 557 773 conqueritur.
594 687 651 750 sed
674 707 752 750 mox
774 687 919 752 eiusdem
933 686 1052 752 Felicis
1067 709 1106 753 ac
1121 687 1333 755 deuotissimi

182 790 246 854 uiri
274 789 432 877 principis
459 790 672 875 responsione
701 810 778 874 pars
805 790 871 854 ista
897 799 1038 876 purgata
1059 799 1119 855 est
1164 800 1333 880 ettamen

182 890 335 978 querelae
357 891 426 954 eius
449 889 650 956 audientiam
671 912 739 956 non
759 892 888 976 negaui,
910 891 1089 959 clarissimo
1105 902 1139 957 et
1152 894 1355 980 spectabilis

182 994 255 1060 uiro
267 994 391 1058 uicario
402 994 436 1056 in
449 993 636 1058 societatem
654 993 858 1077 cognitionis.
893 997 915 1075 †
930 995 959 1059 si
976 993 1076 1060 uellet
1092 997 1332 1062 asscitostuere

183 1096 316 1162 nomina
328 1083 461 1160 testium
473 1092 674 1180 plebeiorum
687 1093 794 1159 danda
805 1097 965 1181 promisit,
977 1095 1332 1184 credo,ut'permoram
1355 1154 1360 1165 ,

183 1197 237 1262 uel
256 1218 347 1261 meus
359 1195 453 1262 dolor
464 1194 686 1261 satisfactione
698 1198 883 1262 mitesceret
894 1196 947 1262 uel
958 1200 1029 1284 ipse
1038 1221 1150 1264 rursus
1163 1199 1248 1265 alias
1262 1223 1330 1266 mo-

133 1315 165 1362 14
183 1297 297 1364 liretur
312 1297 463 1363 insidias.
480 1298 547 1384 qui,
570 1307 673 1362 utres
689 1298 823 1382 indicat,
847 1300 1047 1366 conscientia
1060 1301 1202 1366 hominis
1213 1303 1330 1368 subor-

182 1405 262 1480 nati,
275 1423 296 1466 a
307 1423 370 1488 quo
381 1399 527 1465 uicariae
539 1401 693 1487 potestati
706 1399 834 1465 libellus
846 1401 975 1467 oblatus
988 1411 1048 1485 est,
1062 1401 1241 1469 domestice
1253 1426 1328 1470 con·
1342 1437 1365 1476 a

186 1505 283 1570 fectis
299 1501 387 1590 apud
403 1503 541 1567 eundem
562 1503 645 1567 actis
660 1525 759 1568 ausus
783 1512 834 1568 est
854 1504 1037 1590 postulare,
1060 1527 1102 1569 ne
1122 1507 1329 1593 apparitores

184 1608 267 1690 eius,
290 1628 370 1693 quos
393 1603 435 1670 ob
458 1604 639 1670 discessum
662 1604 836 1691 litigatoris
859 1606 1009 1672 custodia
1031 1609 1169 1673 carceris
1181 1609 1331 1675 iusserat

184 1710 329 1792 attineri,
344 1708 483 1772 iniuriae
498 1707 712 1772 subiecerant.
735 1707 903 1793 posthaec
913 1718 1070 1795 usurpato
1082 1731 1180 1774 cursu
1193 1709 1328 1797 publico

183 1810 395 1897 neglectoque
425 1809 547 1875 iudicio
571 1809 705 1874 audacis
727 1810 805 1874 facti
828 1811 977 1875 conscius
1000 1809 1153 1895 euolauit,
1176 1821 1214 1876 ut
1235 1834 1329 1899 prae-

183 1916 330 1979 fecturae
351 1912 454 1976 iustas
478 1911 694 1998 querimonias
716 1914 939 1998 praeueniret,
961 1914 1105 1998 ignarus,
1127 1922 1166 1978 ut
1186 1935 1241 1979 res
1256 1924 1365 2000 'est,1s

184 2025 336 2103 parentes
363 2013 492 2100 generis
522 2013 656 2078 humani
685 2016 790 2100 magis
818 2016 944 2080 iustitia
972 2038 1069 2102 quam
1090 2015 1218 2080 inuidia
1240 2037 1328 2081 com·

133 2142 165 2192 15
183 2120 318 2185 moueri.
361 2116 442 2181 haec
463 2117 511 2180 ita
532 2138 606 2181 esse
626 2127 721 2201 gesta
741 2138 802 2183 nec
829 2117 897 2182 ulla
925 2127 995 2182 arte
1022 2118 1127 2182 fucari
1151 2109 1329 2186 instructio

183 2221 332 2286 subiecta
354 2217 540 2286 testabitur.
573 2219 608 2283 in
630 2241 695 2305 qua
716 2221 879 2307 repperiet
901 2221 1079 2286 aeternitas
1099 2229 1209 2285 uestra
1232 2243 1329 2308 prae·

182 2322 358 2406 secturam,
386 2343 484 2408 quam
512 2322 547 2384 in
569 2341 620 2384 me
641 2343 724 2405 puro
746 2322 868 2387 iudicio
890 2321 1084 2405 contulistis,
1105 2321 1189 2387 nihil
1210 2323 1329 2389 saltem

182 2425 225 2490 ad
249 2425 429 2490 uindictam
444 2423 596 2511 publicae
611 2423 802 2510 disciplinae
817 2446 888 2489 esse
903 2423 1060 2508 molitam,
1083 2445 1156 2489 cum
1172 2427 1328 2492 omnibus
1342 2450 1367 2488 so

183 2528 312 2592 iniuriis
337 2525 522 2607 cederetur,
551 2545 630 2612 quas
653 2527 731 2591 boni
754 2528 874 2614 quique
895 2536 1108 2613 praesumunt
1129 2549 1188 2614 pro
1210 2529 1331 2614 uigore

185 2627 307 2693 saeculi
329 2627 556 2693 uindicandas.
600 2627 682 2691 haec
705 2629 790 2693 enim
813 2651 887 2717 spes
910 2622 1084 2694 et‘fiducia
1105 2630 1158 2694 ius
1180 2630 1330 2696 creditae

183 2730 263 2795 mihi
284 2730 457 2817 potestatis
480 2729 625 2814 infregit,
648 2740 685 2795 ut
706 2738 855 2795 auctores
877 2729 1010 2796 honoris
1033 2731 1098 2796 mei
1121 2743 1153 2797 et
1174 2731 1332 2817 publicae

182 2833 352 2917 dignitatis
369 2840 401 2896 et
416 2831 530 2896 iudicii
546 2832 596 2896 sui
611 2832 840 2897 contumeliam
854 2832 1124 2898 iustaseueritate
1136 2832 1332 2902 defendant·

183 2959 226 3000 ss.
249 2934 332 2999 IIII.
355 2932 410 2998 Kl.
434 2955 508 3017 aug.
530 2932 655 2998 aeliano
678 2921 792 3001 Μ.
1029 3023 1038 3036 .
1346 2965 1372 3007 se

251 3237 383 3291 asotia
452 3237 676 3306 espectabrht'
698 3238 754 3290 hcc·
768 3238 834 3292 loco.
902 3239 1036 3305 asscito,
1060 3239 1084 3292 si
1105 3239 1195 3294 uellet
1215 3243 1332 3298 struere

183 3305 298 3360 nomina
325 3303 442 3358 testium
468 3305 643 3373 plebeiorum
667 3304 768 3358 danda.
812 3305 950 3374 promisit.
976 3307 1037 3362 edd.
1105 3309 1277 3378 cognitionis
1306 3312 1332 3365 si

183 3374 273 3427 uellet
289 3373 399 3427 asscito.
433 3373 501 3425 tunc
512 3372 628 3426 nomina
638 3371 754 3426 testium
766 3372 803 3441 pl
817 3373 912 3426 danda
922 3373 1052 3442 promisit
1062 3391 1119 3430 aea
1188 3381 1203 3430 ‘1
1215 3393 1331 3433 moram

183 3456 263 3494 meus
281 3439 361 3492 dolor
381 3440 430 3493 uel
447 3439 509 3494 edd.
582 3445 598 3494 8
616 3439 805 3494 satisfactione
822 3456 887 3495 aaa:
908 3441 1096 3498 satisfactione
1113 3448 1146 3508 Τ,
1169 3459 1223 3512 per
1245 3445 1331 3500 satis-

76 3568 77 3574 ,
182 3507 335 3561 factionem
348 3507 421 3574 edd,
431 3508 545 3576 praeter
556 3513 606 3561 eat
618 3507 699 3560 uelut
709 3523 761 3576 per
769 3507 988 3563 satisfactionem
999 3508 1076 3564 Suae.
1112 3508 1294 3566 mitesce'rer

185 3575 428 3630 10domest1caeu
482 3579 511 3627 11
527 3574 669 3628 confectus
687 3574 763 3695 appel
781 3576 903 3655 eundem
915 3576 1006 3630 fectus
1026 3577 1085 3632 ea.
1096 3592 1166 3647 aga,
1182 3579 1331 3635 confessus

183 3639 528 3778 ltllsfuflftftlldf
545 3642 778 3763 Mtttttt
795 3641 1180 3780 diffitaffftllltltpll
1200 3648 1330 3770 tritt

183 3775 259 3831 Sacae.
315 3755 468 3852 ‘13'oursu
490 3781 523 3828 T:
546 3793 656 3854 rursum
678 3776 740 3834 edd.
814 3748 928 3847 puphco
951 3728 1011 3830 ΤΡ
1041 3785 1072 3832 16
1094 3781 1260 3848 parentur

185 3847 216 3897 1⁷
234 3843 323 3896 fucari
340 3858 402 3896 aas:
419 3844 514 3912 fugarr
530 3849 558 3909 τ,
577 3842 647 3913 fingi
664 3844 727 3898 edd.
795 3850 826 3898 at
846 3845 994 3899 cederetur
1015 3852 1035 3898 Τ
1057 3845 1122 3906 Jur.
1139 3849 1167 3902 2.
1185 3864 1199 3902 a
1217 3865 1243 3917 q.
1264 3866 1329 3906 cae·

184 3910 300 3964 deretur
318 3909 377 3964 Get.
388 3926 444 3979 sqq.
496 3911 637 3964 athaec'r
655 3911 731 3970 Lect.
748 3914 776 3966 2.
794 3928 864 3981 equ:
880 3929 933 3966 nec
952 3912 1010 3970 ea.
1028 3929 1085 3983 sqq.
1112 3958 1115 3962 ,
1136 3864 1275 3973 ficudas

183 3983 217 4032 25
234 3978 472 4057 sabseuptioacya,
489 3993 572 4044 qaam
584 3978 645 4058 edd,
658 3979 824 4059 maereat,
839 3980 1088 4103 mimnemg
1095 3982 1161 4062 [ort.
1173 3985 1329 4064 ascripta

183 4047 256 4099 sunt
274 4046 365 4100 certas
382 4045 492 4099 aeliano
510 4060 543 4098 oc
561 4045 596 4098 ab
614 4047 768 4114 aqatptcarc
785 4047 853 4100 asela
870 4047 985 4102 ardetur
1093 4066 1126 4104 m
1142 4050 1236 4119 efficto
1243 4069 1328 4121 prae·

182 4113 249 4182 secti
265 4113 343 4167 mota
360 4114 537 4181 cantitatur,
559 4114 608 4181 qui
620 4119 733 4181 praeter
745 4115 918 4183 praefectura
934 4130 1032 4170 aomea
1043 4116 1145 4174 leuato
1155 4118 1327 4188 adarim.
