2970 5122
265 361 307 426 28
582 375 765 424 srnnscar
787 375 943 425 aansrro
968 367 1018 426 20.
1043 367 1093 424 21.

265 535 360 579 suum
375 514 513 601 quisque
529 514 693 599 deposcit,
716 535 776 577 nec
792 511 927 577 difficile
943 513 1103 578 credimus
1119 514 1300 600 impetrari,
1324 515 1417 600 quod

265 638 286 680 a
312 617 421 701 legum
448 616 640 703 parentibus
663 617 857 701 postulatur.
902 637 1043 702 quaeso,
1073 625 1109 680 ut
1132 616 1234 701 digna
1255 619 1414 704 tempori-

266 721 327 785 bus
350 741 509 806 responsa
531 719 693 784 reddatis:
718 741 781 804 quo
802 741 834 786 u.
858 740 886 783 c.
909 728 942 784 et
963 716 1099 784 illustris
1123 740 1289 784 sacrarum
1311 718 1415 804 largi·

264 822 392 889 tionum
425 843 532 887 comes
564 821 806 887 refundendum
834 844 906 888 esse
934 831 1109 906 cognoscat
1137 820 1278 908 publicis
1305 822 1414 886 titulis

266 925 470 1012 priuatisque
491 926 650 1012 personis,
675 926 763 1010 quod
786 925 856 989 sine
879 924 995 989 lacuna
1017 922 1195 1010 imperialis
1217 925 1338 989 aerarii
1353 925 1441 990 de·⁵

264 1030 437 1115 prompsit
450 1027 556 1092 aliena
578 1025 722 1092 collatio.

696 1214 896 1282 RELATIO
919 1216 972 1280 21.

348 1333 424 1400 Scio
446 1334 579 1421 quidem
600 1345 738 1400 naturae
752 1334 914 1399 humanae
928 1335 1010 1399 uitio
1026 1334 1223 1420 probitatem
1239 1335 1413 1401 subiacere

263 1437 368 1504 liuori.
403 1436 461 1503 sed
483 1439 583 1503 miror
605 1459 642 1502 eo
665 1458 855 1523 progressas
871 1436 1008 1502 insidias
1023 1437 1233 1521 aemulorum,
1256 1447 1293 1502 ut
1307 1439 1413 1503 crudo

263 1541 433 1606 mendacio
461 1539 600 1604 insontis
627 1539 716 1604 fama
743 1549 924 1625 peteretur,
956 1538 1034 1604 ddd.
1066 1542 1188 1627 imppp.
1219 1541 1296 1626 quid
1320 1542 1413 1605 enim
1428 1571 1453 1609 ιο

264 1667 329 1710 non
352 1644 503 1725 audeant,
527 1641 648 1726 quidue
669 1643 901 1728 intemptatum
916 1643 1111 1728 relinquant,
1135 1644 1190 1728 qui
1206 1645 1239 1708 in
1253 1653 1413 1708 arceter-

263 1768 372 1811 rarum
401 1744 609 1809 Christianae
641 1743 722 1829 legis
755 1745 895 1809 iniuriis·
916 1744 1084 1808 uindicata
1116 1745 1193 1810 fana
1219 1745 1412 1812 finxerunt?

229 1866 245 1914 2
264 1849 366 1931 fleuit,
390 1845 497 1925 credo,
520 1846 614 1911 istius
637 1868 753 1912 scenae
775 1847 965 1930 fabricator,
989 1866 1062 1911 cum
1083 1847 1124 1912 de
1139 1847 1296 1913 ecclesiae
1311 1871 1412 1935 penc-

262 1950 401 2016 tralibus
429 1958 541 2035 raptos
571 1949 613 2014 ad
642 1957 802 2014 tormenta
829 1948 1015 2034 simularet,
1050 1972 1124 2014 cum
1152 1950 1194 2014 de
1223 1952 1413 2036 longinquis

264 2063 296 2119 ct
328 2052 475 2117 finitimis
507 2050 645 2117 urbibus
675 2051 752 2117 duci
778 2053 943 2118 antistites
970 2053 1006 2116 in
1033 2051 1166 2118 uincula
1194 2052 1410 2119 describeret.
1425 2077 1451 2117 15

262 2156 476 2244 nequeenim
499 2175 649 2218 serenum
672 2153 860 2220 elementiae
882 2164 958 2220 tuae
980 2153 1124 2220 animum
1147 2157 1217 2221 sine
1237 2155 1288 2219 his
1311 2177 1412 2240 argu·

262 2260 319 2325 tiis
343 2257 555 2344 compulisset
576 2277 668 2321 sacro
691 2257 797 2323 edicto
819 2256 975 2344 populum
997 2259 1182 2340 conuenire,
1205 2268 1242 2322 ut
1265 2260 1410 2346 asperio-

263 2362 354 2427 ribus
383 2382 480 2448 quam
507 2359 624 2445 pietati
652 2370 728 2426 tuae
755 2381 824 2425 mos
849 2369 898 2424 est
919 2359 1037 2426 litteris
1060 2362 1279 2448 praefectum,
1311 2384 1410 2446 quem

229 2465 333 2532 asine
356 2463 481 2528 ambitu
494 2462 641 2547 legistis,
665 2485 827 2547 argueres.
861 2455 979 2528 reddat
993 2485 1090 2545 nuno,
1114 2464 1260 2551 quisquis
1276 2458 1410 2545 illaest,

263 2588 376 2631 causas
399 2563 548 2629 fallaciae
571 2587 666 2647 suae,
689 2567 745 2651 qui
767 2566 828 2631 sub
852 2566 1021 2631 occasione
1043 2567 1149 2632 iustae
1170 2565 1408 2653 inquisitionis,
1423 2589 1450 2628 so

263 2691 327 2756 qua
359 2690 411 2732 me
444 2666 566 2732 cultum
596 2648 999 2759 spoliatorum,mcenium
1026 2668 1228 2754 inuestigare
1254 2667 1408 2750 iussistis,

163 2845 168 2854 .
261 2771 404 2857 tragicas
427 2770 635 2857 quaestiones
658 2768 698 2834 de
721 2770 879 2835 ministris
897 2770 1085 2837 Catholicae
1104 2772 1239 2837 iactauit
1254 2772 1409 2855 agitatas.

262 2872 460 2962 respondeat
482 2871 587 2939 literis
611 2872 756 2958 episcopi
770 2871 923 2955 Damasi,
948 2873 1067 2960 quibus
1090 2883 1304 2939 assectatores
1320 2873 1408 2937 eius·

263 2977 336 3042 dem
365 2975 530 3060 religionis
559 2974 694 3059 negauit
720 2972 820 3038 ullam
849 2975 1077 3041 contumeliam
1106 2976 1288 3063 pertulisse.
1339 2998 1408 3040 non

262 3100 460 3170 magnopere
482 3078 584 3142 officii
606 3077 670 3141 mei
693 3076 871 3162 praetendo
893 3101 1060 3166 responsa,
1082 3101 1102 3143 a
1124 3102 1187 3166 quo
1210 3079 1284 3145 ideo
1307 3100 1407 3165 quae·
1422 3107 1450 3149 aa

261 3183 325 3246 sita
348 3191 398 3246 est
419 3202 527 3245 rerum
550 3179 640 3261 fides,
663 3201 705 3243 ne
727 3178 850 3244 factum
872 3179 1005 3268 aliquod
1021 3182 1279 3247 recordationem
1294 3183 1407 3265 cogni-

261 3286 341 3350 toris
353 3282 525 3368 effugeret:
541 3281 693 3348 credatur
705 3283 773 3346 eius
780 3281 862 3368 legis
869 3285 1019 3366 antistiti,
1034 3307 1117 3372 quae
1126 3283 1215 3350 laesa
1223 3282 1406 3368 simulatur,

154 3448 155 3453 ,
261 3386 415 3454 credatur
437 3385 556 3472 populo
578 3385 737 3466 Romano,
761 3386 816 3470 qui
838 3387 1053 3471 perennitatis
1074 3397 1204 3453 uestrae
1217 3385 1405 3451 admonitus

263 3490 381 3572 edicto,
406 3490 542 3554 miratur
558 3479 597 3552 ¹in
619 3488 789 3576 procinctu
811 3488 981 3572 creditum,
1003 3489 1090 3576 quod
1105 3491 1209 3554 Roma
1226 3490 1331 3555 nescit
1346 3488 1406 3552 ad-

227 3620 243 3667 4
261 3595 406 3657 missum.
450 3591 564 3657 omitto
586 3592 740 3655 iniuriam
761 3591 986 3676 praefecturae
1009 3603 1041 3657 et
1062 3593 1280 3658 conscientiae
1301 3611 1405 3675 meae,
1421 3617 1449 3657 so

262 3695 390 3782 quando
414 3715 451 3759 eo
473 3683 634 3781 processit
653 3691 860 3775 insimulatio,
883 3706 920 3759 ut
934 3717 991 3759 uos
1008 3717 1137 3782 quoque
1149 3695 1239 3782 ipsos
1253 3704 1405 3759 auctores

328 3954 424 4015 tque:
444 3949 520 4016 quod
533 3955 552 3999 Τ
621 3948 665 3999 uir
677 3947 845 4002 clarissimus
857 3949 923 4003 an
935 3952 987 4005 2.s
1007 3966 1043 4018 q:
1055 3948 1099 4001 uir
1112 3949 1263 4002 consularis
1277 3947 1336 4003 Ger.
1346 3957 1404 4016 sqq.

327 4015 377 4074 rel.
396 4021 437 4069 21.
461 4014 522 4069 Gel.
541 4021 581 4071 20.
604 4015 662 4068 Jur.
682 4021 722 4070 34.
745 4015 807 4069 Par.
826 4022 867 4070 41.
920 4016 971 4071 sl)
1001 4059 1006 4071 .
1026 4016 1133 4071 Theod.
1151 4015 1312 4070 etArchad.
1331 4032 1404 4070 sem-

182 4114 186 4120 ·
259 4101 311 4205 per
332 4083 424 4153 Augg.
448 4082 631 4151 Symmachus
654 4083 745 4137 Praef.
767 4084 835 4162 Urb.
858 4085 919 4139 add.
1018 4091 1049 4139 10
1071 4084 1257 4138 mendatio!
1342 4083 1404 4138 DD.

258 4152 447 4273 uqqlpqpatrcres
470 4153 942 4276 6111101011101111111Π111011111180111111
1014 4159 1046 4275 ld
1064 4150 1403 4289 1111θτῂειῂιιοῃιέξὴεὲῑθοι.ΜΙ

328 4294 359 4341 19
383 4289 516 4366 argueret
540 4288 600 4341 edd.
671 4293 705 4341 20
726 4286 894 4341 fallatiaet·
963 4294 1113 4368 atqua!
1182 4286 1403 4356 spohatoremr

326 4361 359 4408 22
380 4356 468 4409 iactat
489 4355 551 4413 edd.
625 4360 657 4408 26
681 4370 713 4408 00
753 4356 832 4409 1tons
855 4362 887 4408 T:
912 4359 1077 4424 quaesitoris
1100 4355 1160 4410 edd.
1236 4361 1268 4411 28
1295 4356 1403 4423 populo

259 4421 385 4476 Romano
403 4439 467 4489 nos,
484 4440 526 4492 pr.
546 4429 580 4476 T:
598 4423 711 4491 praefec
761 4423 823 4480 edd.
908 4427 913 4433 “
