2970 5122
492 388 673 438 srnnrcnr
695 389 848 437 aunario
872 378 922 436 24.
947 378 997 440 25.
1032 355 1035 359 ¹

602 575 804 640 RELATIO
825 575 878 639 24.

258 692 320 758 Per
348 696 436 758 uices
465 696 625 758 mensium
653 692 854 778 singulorum
883 691 927 756 ad
949 691 1162 778 perennitatis
1184 699 1314 755 uestrae

169 799 292 862 scrinia
321 805 453 860 senatus
481 806 514 861 et
536 796 649 883 populi
671 804 747 861 acta
767 797 957 877 mittuntur,
986 817 1070 881 quae
1091 801 1244 881 poterunt
1264 795 1313 856 in·

169 901 291 984 dicare,
313 900 392 985 quid
413 900 466 962 uir
487 896 673 985 praecelsae
695 906 727 961 et
741 896 877 961 illustris
893 896 1068 966 memoriae
1083 897 1314 960 Praetextatus

141 1001 226 1067 sucl
248 1001 290 1065 ad
312 998 548 1087 amplissimum
570 999 718 1066 ordinem
740 998 794 1064 uel
816 994 858 1062 ad
881 999 1032 1064 deuotum
1048 1000 1143 1086 uobis
1159 996 1314 1084 populum

170 1126 231 1191 pro
263 1102 384 1169 saeculi
417 1104 519 1169 uestri
551 1100 831 1168 commendatione
864 1100 1051 1187 pertulerit,
1085 1099 1163 1164 ddd.
1190 1102 1313 1188 imppp.

168 1204 400 1272 Ualentiniane
423 1204 588 1271 Theodosi
611 1215 643 1270 et
659 1203 782 1268 Arcadi
797 1204 913 1290 inclyti
928 1204 1068 1268 uictores
1084 1225 1123 1266 ac
1137 1201 1314 1290 triumpha·

170 1321 259 1375 tores
276 1330 404 1394 semper
418 1309 570 1392 Augusti.
616 1309 674 1371 sed
697 1306 775 1393 quia
797 1304 965 1393 speciatim
988 1305 1090 1370 sacris
1112 1305 1231 1369 litteris
1254 1307 1313 1369 im·
1332 1322 1347 1369 2

169 1411 328 1496 peractis,
350 1418 397 1493 ut,
421 1410 449 1473 si
471 1431 535 1495 qua
556 1409 598 1474 ab
622 1430 659 1473 eo
674 1409 797 1487 Rornae
813 1409 847 1472 in
868 1408 918 1472 his
941 1408 1089 1473 coetibus
1112 1416 1206 1492 gesta
1228 1418 1314 1489 sunt,

131 1533 158 1574 44
171 1512 284 1596 agenti
306 1512 341 1575 in
362 1511 459 1577 rebus
483 1519 637 1596 excerpta
659 1510 841 1593 tradantur,
864 1510 938 1573 misi
961 1511 1069 1575 omnia
1090 1511 1188 1573 iussis
1210 1508 1313 1574 caele-

171 1614 278 1679 stibus
301 1612 485 1698 obsecutus,
507 1635 591 1698 quae
610 1614 682 1699 ipso
698 1613 866 1698 praesente
881 1611 1117 1677 uenerabilium
1133 1615 1315 1676 orationum

170 1724 355 1781 uestrarum
384 1715 509 1781 sanctio
536 1713 686 1778 definiuit
712 1722 744 1777 et
777 1724 905 1801 patrum
939 1704 1093 1801 probauit
1119 1716 1313 1798 auctoritas3

168 1827 340 1905 praetcrea
376 1839 463 1903 quae
496 1816 584 1904 apud
621 1815 749 1902 plebem
782 1807 909 1881 locutus
943 1825 1008 1899 est,
1046 1826 1083 1880 ut
1115 1826 1260 1883 cunctos
1280 1817 1315 1881 in

171 1942 315 1985 amorem
342 1919 502 1985 bonorum
524 1928 705 2005 temporum
728 1927 936 2005 prouocaret,
965 1919 1111 1983 adiunxi.
1155 1920 1348 1985 iudicium3

133 2046 159 2086 1s
172 2044 252 2088 uero
281 2023 418 2106 ciuium,
446 2021 533 2108 quod
556 2043 706 2107 supremo
728 2022 781 2084 die
803 2018 844 2084 de
866 2022 989 2085 uirtute
1009 2031 1108 2108 atque
1131 2022 1316 2086 innocentia

172 2127 244 2190 cius
265 2124 459 2206 habuerunt,
483 2122 653 2210 speciatim
675 2145 707 2187 u.
724 2145 752 2186 c.
776 2133 808 2188 et
828 2120 947 2188 illustri
961 2123 1144 2202 officiorum
1159 2125 1315 2208 magistro

171 2225 314 2293 subditis
324 2224 572 2313 exemplaribus
584 2234 748 2309 gestorum
759 2226 920 2308 intimaui,
936 2224 1014 2288 licet
1022 2224 1172 2290 uehiculo
1183 2226 1315 2313 publico

172 2353 248 2395 cum
270 2331 398 2414 ceteris,
421 2350 505 2415 quae
527 2350 568 2392 ex
590 2349 680 2393 more
702 2322 893 2410 mittuntur,
911 2329 1020 2393 omnia
1040 2341 1173 2393 necesso
1188 2331 1231 2393 sit
1244 2351 1314 2393 rur-

171 2455 229 2498 sus
251 2431 500 2496 ad'serenitatis
522 2439 654 2495 uestrae
675 2430 824 2521 notitiam
846 2430 1027 2517 peruenire.

131 2604 157 2642 20
605 2581 807 2646 RELATIO
829 2583 882 2646 25.

258 2700 486 2788 Iampridem
519 2701 712 2787 rescriptum
739 2701 887 2789 numinis
909 2701 1011 2765 uestri
1038 2700 1198 2787 Cyriades
1225 2723 1258 2766 u.
1286 2703 1338 2767 cf

173 2826 284 2869 comes
307 2813 339 2869 et
360 2792 568 2868 mechanicae
589 2803 759 2889 professor
780 2802 946 2885 exhibuit,
976 2802 1055 2868 ddd.
1080 2805 1222 2890 imppp,
1251 2825 1314 2889 quo

172 2913 335 2971 statuerat
355 2906 530 2971 aeternitas
553 2915 671 2986 uestra,
694 2916 732 2970 ut
753 2928 789 2970 se
810 2906 881 2992 ipse
903 2927 923 2969 a
945 2906 1149 2990 quorundam
1165 2908 1315 2970 crimina·

171 3009 265 3074 tione
292 3016 449 3094 purgaret
475 3029 513 3073 ac
543 3029 656 3073 rursus
683 3017 816 3092 urgeret
843 3007 997 3091 obiectis,
1025 3011 1053 3072 si
1080 3031 1161 3094 quos
1188 3009 1314 3073 fraudis

130 3128 158 3168 25
173 3111 362 3176 incesseret.
397 3111 452 3196 qui
474 3132 548 3174 cum
564 3111 766 3174 Auxentium
787 3133 818 3174 4.
835 3132 863 3173 4.
886 3110 947 3175 sub
970 3112 1121 3175 examine
1136 3111 1315 3175 decessoris
1332 3127 1348 3174 2

170 3215 238 3278 mei
253 3213 414 3297 coepisset
436 3233 588 3297 arguere,
611 3220 784 3298 postquam
807 3213 850 3276 ad
872 3212 1090 3297 cognitionem
1112 3234 1217 3276 meam
1238 3235 1315 3277 uen-

170 3324 244 3380 tum
261 3324 321 3397 est,
338 3335 436 3399 super
449 3313 607 3380 basilicae
623 3324 720 3400 atque
734 3315 844 3402 pontis
859 3316 1021 3380 inmodico
1037 3325 1169 3403 sumptu
1179 3317 1314 3379 Auxen-

243 3615 294 3670 rel
313 3623 354 3672 24.
373 3615 622 3672 (1414414437.
640 3616 703 3672 Par
716 3622 757 3675 44
787 3621 845 3673 11)
858 3616 1016 3673 Theodosio
1027 3636 1140 3687 semer
1150 3619 1195 3673 Au
1216 3616 1315 3688 Syrn-

171 3683 1113 3755 44444144ιὲ444ἲῦιῦ.44747.3444141411447,2.44,,4441
1211 3689 1242 3741 47.
1259 3704 1315 3756 444.

244 3751 413 3821 4illustrisq
414 3769 449 3806 ue
468 3753 529 3808 edd.
598 3752 716 3810 addo..
737 3755 915 3823 augustii(
906 3755 1002 3821 (archa
1003 3689 1164 3824 dl'lirnchll
1152 3754 1315 3833 mDImpe·

171 3819 254 3873 rator
266 3819 328 3874 4477
382 3826 413 3874 10
423 3821 519 3890 agenti
528 3820 593 3879 Jwr.
604 3821 632 3878 2.
642 3836 698 3888 444.
713 3823 757 3888 47(
747 3823 879 3890 argenti
870 3824 923 3890 7
938 3836 989 3880 om.
1000 3823 1059 3877 Get.
1069 3839 1134 3891 sq,
1135 3757 1215 3875 sunt
1223 3823 1315 3876 brem

171 3888 229 3941 bus
246 3888 365 3964 excepta
382 3889 457 3945 Len.
474 3891 502 3942 2.
519 3891 544 3945 3,
615 3893 645 3941 11
663 3888 841 3955 praesidente
859 3904 916 3945 aas
952 3889 987 3955 4.
967 3889 1082 3955 7.(7444
1101 3838 1169 3944 iar.
1187 3895 1213 3956 1,
1230 3892 1267 3944 42
1284 3891 1317 3943 ut

112 3962 119 3973 '
172 3953 219 4007 illi
237 3956 332 4008 coetui
349 3955 509 4024 praesidere
527 3954 623 4034 possis.
649 3956 809 4023 praefectae
825 3957 889 4011 4477
906 3975 932 4013 a.
949 3960 1002 4011 366
1019 3963 1045 4012 47
1061 3961 1113 4013 367
1130 3958 1187 4022 fait
1255 3973 1316 4010 ora·

172 4022 286 4076 tionum
303 4028 323 4074 r
341 4028 367 4076 47
383 4022 465 4077 Suae:
482 4023 623 4076 rationum
641 4023 701 4080 edd
749 4029 781 4077 16
798 4024 860 4079 4144
879 4024 1018 4079 consulari
1038 4025 1096 4083 Get.
1114 4025 1179 4080 Jar
1197 4029 1221 4083 1
1240 4025 1314 4082 Lect.

243 4091 442 4213 idlgaeoslotilbln
455 4089 776 4213 ppeffilplaqigpqugdffi
818 4093 1098 4214 19tilulllmTallliodosio
1116 4176 1227 4228 semper
1244 4160 1317 4229 Aug

174 4223 360 4279 Smmachus
382 4224 474 4280 Praei
496 4224 564 4280 Urb
587 4225 649 4282 44747
718 4232 750 4279 21
774 4226 889 4295 quidam
912 4228 973 4286 edd.
1046 4228 1135 4283 22D.
1159 4227 1317 4295 Imperator

231 4331 237 4344 .
289 4293 403 4360 quodi
455 4298 489 4346 24
505 4292 658 4348 fraudari
710 4299 743 4348 25
762 4299 832 4363 etp.
851 4300 892 4358 36,
917 4295 1042 4349 1414444
1061 4295 1236 4349 consularem
1257 4294 1317 4352 (747.

172 4359 242 4413 744.
260 4363 284 4412 1.
303 4361 378 4414 Lect.
465 4366 497 4413 27
515 4377 599 4428 super
615 4361 749 4416 basilicae
772 4377 840 4414 44
822 4363 974 4431 uepontis
997 4369 1017 4415 1'
1039 4364 1114 4420 Lect.
1136 4366 1163 4416 2.
1186 4378 1220 4415 ac
1242 4363 1317 4416 alias

172 4427 344 4494 coniectura,
362 4445 433 4496 4444
450 4428 572 4496 superba
589 4431 675 4498 atquc
692 4429 787 4497 pontis
834 4430 864 4485 el.
884 4430 949 4486 Jwr.
967 4435 991 4484 1
1011 4431 1129 4487 144471

1092 4516 1163 4570 3*
