2970 5122
254 358 295 425 26
499 347 502 353 ’
612 377 793 427 srnnscnr
815 378 968 429 assumo
993 371 1041 431 19,

255 535 352 600 super
367 514 579 581 aestimandis
595 515 690 580 bonis
702 515 854 582 Liberius
869 517 1088 604 impetrasset,
1112 516 1398 601 pronuntiauimus

219 630 319 681 onon
347 617 470 703 perisse
496 618 694 684 mandatum.
740 617 859 682 dehinc
886 622 1023 706 petitore
1051 629 1261 706 properante,
1290 627 1327 683 ut
1356 640 1400 682 ex

254 720 485 784 constitutione
506 720 649 785 numinis
670 720 771 785 uestri
795 722 949 787 seruandi
965 722 1068 788 debiti
1084 744 1185 787 causa
1198 723 1232 785 in
1248 730 1399 786 materna

255 843 392 908 corpora
414 824 609 906 mitteretur,
632 822 720 910 quod
743 823 934 889 aduersaria
954 825 1213 892 aestimationem
1236 824 1400 890 bonorum

154 970 158 978 -
255 935 414 1009 conuenta
441 925 549 990 facere
577 924 750 1008 noluisset,
784 947 975 1014 responsum
999 936 1048 993 est
1081 929 1121 993 de
1149 926 1428 1014 supplicationiss

254 1026 319 1092 fide
341 1029 431 1114 prius
455 1049 525 1092 esse
547 1030 763 1093 tractandum.
798 1028 832 1093 id
854 1031 932 1117 quia
952 1029 1122 1117 probabile
1144 1028 1319 1094 uidebatur
1341 1027 1402 1091 ad·

220 1132 336 1201 amisi.
380 1131 468 1196 facto
495 1142 603 1196 autem
631 1132 721 1197 aditu
748 1131 790 1196 de
812 1130 963 1218 precibus
986 1131 1172 1221 disputandi
1194 1130 1349 1195 defensor
1370 1153 1400 1194 c.

254 1232 278 1298 f.
300 1232 486 1298 Marcianas
514 1243 627 1298 notare
656 1233 719 1298 sibi
748 1235 837 1298 uisus
867 1243 916 1300 est
943 1235 1150 1301 mendacium
1173 1231 1401 1320 supplicantia,

254 1335 358 1422 quod,
388 1357 462 1399 cum
490 1335 621 1400 Priscae
648 1337 762 1402 matris
791 1359 869 1402 suae
897 1346 1091 1402 testamento
1114 1346 1228 1422 neptes
1256 1335 1326 1398 eius
1356 1356 1401 1397 ex

255 1437 444 1503 Placidiano
473 1438 601 1523 genitas
630 1438 844 1504 hereditatem
867 1440 993 1527 cepisse
1015 1440 1168 1519 dixisset,
1196 1461 1262 1503 non
1283 1458 1399 1503 omnes
1415 1459 1440 1497 ro

254 1549 368 1627 neptes
392 1540 434 1605 ab
457 1562 496 1605 ea
517 1542 656 1628 scriptas
683 1541 839 1629 probaret
868 1542 1013 1607 heredes.
1057 1562 1250 1630 responsum
1278 1550 1328 1605 est
1355 1537 1400 1604 de

253 1643 303 1707 his
334 1652 478 1721 tantum,
511 1666 592 1731 quas
626 1644 702 1709 auia
729 1642 865 1709 heredes
896 1645 1056 1727 instituit,
1090 1642 1309 1730 supplicatum
1338 1663 1401 1705 nec

254 1767 391 1832 usquam
414 1744 535 1811 factam
559 1747 703 1812 omnium
724 1748 921 1812 mentionem
939 1746 997 1811 sed
1014 1769 1135 1831 earum,
1159 1746 1276 1833 quibus
1292 1745 1402 1809 iuerat

220 1867 235 1915 t
254 1847 363 1914 delata
385 1842 560 1914 successio.
609 1848 659 1914 his
683 1849 846 1915 deiectum
867 1849 1027 1914 curatoris
1050 1848 1268 1935 patrocinium
1290 1847 1401 1932 coepit

255 1953 406 2037 exigere,
430 1961 468 2016 ut
489 1953 609 2038 petitor
624 1950 778 2034 ediceret,
801 1950 978 2038 exquibus
1000 1950 1187 2016 nominibus
1210 1950 1400 2038 propositae
1414 1975 1438 2015 15

255 2053 491 2126 descenderent
513 2055 667 2120 actiones.
701 2064 778 2120 tunc
801 2077 820 2119 e
842 2052 972 2119 diuerso
995 2053 1129 2118 ueniens
1148 2075 1192 2118 ex
1213 2050 1400 2130 Placidiani

255 2179 283 2222 c.
310 2180 353 2223 m.
387 2157 451 2222 uiri
481 2159 630 2240 nomine,
664 2158 722 2243 qui
757 2165 850 2243 pater
878 2155 1011 2222 adultae
1038 2155 1117 2239 fuit,
1150 2153 1400 2219 immodicarum

214 2262 218 2269 '
255 2259 466 2326 donationum
493 2282 625 2325 causam
654 2281 803 2324 manasse
824 2259 1007 2344 respondit;
1036 2256 1297 2344 supplementum
1319 2279 1400 2321 uero

254 2365 422 2428 unciarum
444 2363 487 2428 ab
509 2361 629 2427 herede
652 2361 821 2444 Placidae,
851 2363 902 2427 cui
925 2383 1018 2427 soror
1039 2359 1206 2425 Marciana
1228 2359 1399 2440 successit,

255 2466 395 2530 asseruit
422 2464 590 2553 postulari.
634 2465 715 2529 haec
742 2463 950 2549 aduersarius
979 2474 1112 2530 eatenus
1142 2461 1332 2544 refellebat,
1363 2470 1438 2534 ut20

255 2569 379 2636 diceret
402 2591 430 2633 c.
447 2568 471 2632 f.
486 2567 647 2634 iuniorem
658 2568 859 2633 Marcianam
873 2588 939 2631 non
952 2563 1135 2654 Placidiani
1150 2574 1279 2631 tantum
1293 2564 1400 2650 patris

255 2670 495 2737 successionem
521 2668 580 2734 sed
608 2670 705 2734 etiam
732 2668 887 2735 Placidae
913 2690 1088 2753 germanae
1111 2689 1190 2732 suae
1217 2690 1275 2754 pro
1298 2667 1399 2730 certis

254 2775 358 2840 unciis
391 2782 613 2854 consecutam,
648 2795 707 2837 nec
740 2783 848 2837 tamen
880 2770 981 2836 ullam
1013 2768 1168 2836 Placidae
1200 2768 1400 2835 mentionem

221 2899 388 2966 aprecum
416 2879 499 2941 serie
528 2862 698 2941 contineri.
749 2873 807 2940 sed
831 2895 903 2938 cum
931 2872 1083 2958 allegatio
1112 2872 1264 2938 diuersae
1294 2871 1399 2957 partis

254 2988 431 3046 asstrueret
452 3001 522 3042 rem
543 3001 579 3042 se
601 2977 778 3043 obnoxiam
801 2977 951 3064 persequi
970 2974 1152 3061 designatis
1172 2972 1276 3041 titulis
1297 2973 1399 3037 actio·
1413 3003 1440 3042 ss

255 3106 334 3147 num
360 3091 395 3146 et
416 3080 463 3162 id,
487 3081 574 3167 quod
596 3080 630 3144 in
652 3081 743 3144 litem
764 3079 866 3161 uenit,
889 3101 948 3166 pro
972 3088 1061 3144 certa
1082 3088 1176 3165 parte
1194 3076 1399 3147 Marcianam

254 3208 282 3251 c.
310 3186 334 3250 f:
364 3183 532 3272 possidere
566 3184 700 3268 eiusque
725 3171 844 3247 nomen
871 3204 945 3246 cum
971 3180 1198 3266 designatione
1226 3198 1400 3241 causarum

256 3272 388 3353 doceret
407 3285 562 3375 precibus
586 3286 855 3372 conprehensum,
879 3283 971 3348 stetit
985 3282 1099 3347 iudicii
1115 3283 1179 3346 mei
1195 3280 1400 3362 deliberati0,

254 3392 316 3456 hoc
336 3398 501 3455 asserente
517 3409 688 3476 personam
700 3387 855 3452 Placidae
870 3386 1104 3473 supplicationi
1118 3382 1217 3448 adiici
1234 3382 1399 3463 debuisse,

93 3535 94 3539 =
157 3479 161 3504 ¹
254 3493 310 3559 illo
337 3501 477 3577 negante
504 3501 580 3578 post
608 3490 868 3574 designationem
895 3490 943 3553 rei
966 3499 998 3553 et
1020 3489 1088 3551 eius
1111 3506 1283 3574 personae,
1313 3506 1441 3570 quaeq,

255 3596 353 3663 hodie
374 3596 581 3682 possessione
605 3616 777 3680 corporum
800 3591 977 3674 defruitur,
1001 3589 1179 3678 quidquam
1204 3610 1275 3653 esse
1298 3608 1397 3672 quae-

255 3781 457 3791 --—-——--
465 3782 475 3786 --

322 3886 513 3955 rpeuurcr
582 3883 772 3936 3mater1a1·
841 3879 1105 3948 osuplrcatromsr
1174 3873 1397 3940 otractandum,

254 3955 284 4009 id
305 3954 380 4024 quod
406 3953 466 4009 aa.
483 3949 765 4020 aqq.,„tractandum.
802 3948 833 4001 ld
851 3947 927 4016 quod
950 3947 1025 4002 Lect.
1044 3949 1070 4001 2.
1088 3961 1144 4014 sqq.
1215 3943 1344 3998 tantem
1363 3948 1397 3995 r:

253 4023 342 4077 i'tur
358 4022 419 4076 edd.
488 4022 539 4076 cm.
555 4019 613 4071 Η
682 4018 815 4086 9neptes
833 4016 893 4070 eius
910 4021 930 4067 Τ
948 4015 1022 4069 Lect.
1040 4017 1067 4068 2.
1085 4014 1154 4068 Par.
1169 4009 1398 4081 2222932212.-

284 4091 368 4145 otta.-
394 4088 495 4157 neptes
520 4101 570 4140 om.
591 4086 680 4140 ceteri.
757 4090 788 4137 10
814 4089 982 4152 coeprsseT
1052 4087 1083 4136 13
1109 4095 1234 4149 unquam
1261 4077 1321 4132 edd.
1355 4114 1370 4129 ..

255 4155 533 4213 ttcrir.1'=c.edd.
603 4159 633 4207 18
652 4151 816 4208 causaedd.
888 4156 918 4204 19
936 4166 1082 4203 unaarum
1100 4150 1177 4213 uir,
1196 4145 1343 4200 unciarum
1355 4144 1398 4197 111

253 4240 303 4281 aaa
326 4225 372 4292 (cf.
397 4223 475 4277 Goth.
494 4222 532 4275 ad
551 4221 581 4279 0.
605 4220 653 4275 Tb.
672 4223 701 4286 2,
717 4224 764 4284 20,
786 4222 822 4286 1.)
845 4218 1022 4273 disseminate
1044 4215 1262 4271 Batiam-Hellas.
1280 4227 1310 4281 p.
1333 4215 1397 4267 360.

321 4291 498 4346 adheredor
584 4288 727 4342 Placidiae
750 4287 794 4341 hic
812 4292 837 4340 et
855 4285 982 4352 camena
1003 4284 1065 4340 edd.
1152 4289 1182 4336 21
1202 4286 1253 4336 cm.
1273 4287 1293 4332 r

253 4368 287 4416 23
310 4360 455 4414 nullamr
523 4353 1164 4426 toaerbod1gn1tat1sdcleto,des1nat1s1⁸
1239 4355 1271 4403 27
1295 4352 1397 4402 crint

321 4433 354 4481 29
371 4431 528 4496 persona!
597 4431 628 4477 31
648 4439 796 4492 corporum
813 4420 986 4490 possessione
1005 4436 1018 4474 e
1038 4420 1065 4475 d.
1267 4461 1270 4466 .
