2970 5122
258 348 300 410 60
539 363 719 411 sruusom
742 363 894 410 RELATIO
917 354 968 412 44.
992 356 1043 413 45.
1067 356 1119 414 46.

257 501 374 564 noxios
403 500 564 564 functioni
591 499 634 564 ad
662 521 774 584 parem
797 500 1048 565 sollicitudinem
1073 523 1189 565 uocare
1212 511 1401 589 coeperunt,

257 612 294 666 ut
332 603 503 687 utriusque
542 603 687 688 corporis
721 625 798 665 cura
833 603 1004 668 coniuncta
1036 602 1250 668 indiscretum
1283 628 1402 669 munus

256 714 456 788 agnosceret.
493 714 527 768 at
548 704 597 767 illi
619 704 791 768 nonnullos
814 705 856 767 de
876 705 1071 788 turmalibus
1094 706 1162 771 suis
1185 707 1313 770 tradere
1334 728 1401 769 ma-

257 807 387 872 luerunt
416 829 512 893 quam
541 807 574 870 in
604 806 791 872 societatem
821 809 904 872 tanti
932 808 1039 873 oneris
1061 810 1264 873 conuenire.v
1291 809 1403 895 itaque

257 912 379 975 factum
409 919 471 991 est,
502 919 539 973 ut
567 909 753 974 uolentibus
783 909 900 973 iisdem
921 912 1003 976 certi
1024 911 1171 975 homines
1195 911 1430 996 mancipibusa

257 1015 481 1098 iungerentur.
525 1035 611 1076 nunc
640 1012 851 1096 perennitatis
880 1003 1011 1077 uestrae
1038 1013 1186 1078 stabilem
1216 1013 1402 1076 censionem

258 1115 390 1202 publica
420 1137 520 1179 causa
549 1115 712 1201 deposcit,
741 1137 781 1178 ne
805 1114 983 1200 obreptiuis
1007 1115 1300 1202 supplicationibus
1324 1115 1401 1180 sub·

224 1234 240 1280 3
258 1218 342 1282 sidia
364 1219 519 1302 integrati
542 1218 685 1303 corporis
708 1218 918 1282 subruantur.
955 1218 1106 1283 relationi
1127 1226 1222 1303 gesta
1244 1217 1405 1282 coniunxi

258 1332 324 1385 tam
352 1320 471 1385 dehis
501 1320 627 1401 habita,
658 1342 739 1405 quos
763 1319 948 1384 Macedonii
975 1322 1178 1386 interuentus
1202 1319 1403 1403 absolueret,

258 1447 355 1511 quam
378 1446 430 1487 me
452 1425 656 1508 disceptante
680 1421 836 1502 confecta,
860 1422 979 1509 quibus
1003 1425 1072 1488 sine
1095 1423 1269 1487 uexatione
1291 1423 1402 1486 cuius·
1419 1446 1442 1481 ro

257 1551 354 1614 quam
370 1527 521 1591 uoluntas
533 1525 802 1591 nauiculariorum
815 1524 987 1590 nonnullos
1000 1527 1205 1613 mancipibus
1217 1523 1402 1611 deputauit.

258 1632 321 1694 erit
353 1631 417 1713 iam
456 1629 654 1693 sacrosancti
691 1629 832 1692 numinis
865 1628 966 1692 uestri
1001 1635 1033 1690 et
1066 1627 1196 1692 illorum
1229 1628 1403 1713 antiquare

257 1733 424 1818 suffragia,
448 1753 537 1818 quos·
550 1730 734 1796 ostenditur
755 1730 898 1794 ambitus
921 1727 1088 1811 liberasse,
1112 1739 1144 1794 et
1164 1728 1214 1794 his
1230 1729 1403 1794 obstruere

257 1835 383 1900 aditum
406 1816 623 1919 supplicandi,
647 1855 727 1919 quos
750 1834 801 1896 sui
823 1834 967 1919 corporis
989 1831 1194 1898 adiudicauit
1214 1853 1379 1897 assensus.

688 2001 889 2067 RELATIO
912 2002 963 2066 45.
1416 2037 1440 2076 15

343 2123 527 2186 Deuotione
560 2130 592 2185 et
624 2142 712 2184 more
741 2121 954 2186 commonitus
982 2120 1234 2204 magistratuum
1261 2118 1402 2200 nomina,

257 2226 376 2313 quibus
398 2226 508 2289 uarias
530 2225 713 2288 functiones
737 2223 1000 2306 designationum
1021 2232 1166 2306 tempore
1182 2220 1402 2306 amplissimus

258 2329 336 2394 or'do
360 2326 546 2408 mandauit,
569 2325 611 2388 ad
634 2325 836 2390 aeternitatis
859 2333 988 2394 uestrae
1010 2323 1140 2411 profero
1163 2325 1344 2405 notionem,
1366 2332 1416 2410 Ut.

258 2431 445 2494 muneribus
462 2425 657 2494 exhibendis
673 2436 729 2490 aut
745 2427 920 2492 subeundis
934 2426 1080 2493 fascibus
1096 2426 1277 2491 destinatos
1289 2429 1403 2510 cogni·

257 2535 303 2597 tio
326 2532 503 2619 imperialis
525 2531 674 2616 accipiat.
698 2529 749 2592 his
772 2529 915 2615 copulati
938 2539 1025 2612 sunt,
1049 2552 1130 2616 quos
1145 2528 1273 2594 senatui
1287 2536 1401 2592 uestro
1415 2556 1440 2594 ao

258 2658 370 2700 recens
386 2644 477 2699 ortus
493 2634 622 2697 adiecit.
655 2632 802 2717 prolixus
818 2633 852 2694 in
867 2633 988 2698 talibus
1004 2632 1103 2697 rebus
1119 2653 1190 2696 esse
1206 2653 1272 2695 non
1286 2629 1403 2712 debeo,

259 2762 331 2802 cum
355 2737 477 2800 decreti
499 2733 622 2820 publici
644 2734 726 2797 fides
749 2743 915 2818 gestorum
939 2737 1047 2820 potius
1070 2734 1322 2798 insinuationem
1344 2755 1402 2819 po-

261 2839 359 2905 stulet
382 2861 478 2925 quam
501 2836 625 2920 largum
651 2837 822 2900 referentis
846 2835 1042 2922 eloquium.'

671 3005 893 3070 autumo
914 3007 965 3070 46.

314 3181 316 3186 .
343 3127 494 3190 Etiamsi
511 3126 619 3210 prisca
634 3125 795 3189 institutio
808 3123 974 3188 mittendis
986 3126 1028 3188 ad
1041 3122 1245 3188 clementiam
1256 3133 1402 3189 uestram
1416 3158 1442 3197 25

257 3252 412 3295 censuum
442 3227 598 3290 breuibus
625 3248 755 3290 cursum
784 3226 837 3290 uel
866 3225 1012 3290 ordinem
1039 3249 1104 3290 non
1131 3225 1289 3309 dedisset,
1319 3225 1401 3290 ddd.

257 3335 379 3418 imppp.
404 3329 633 3394 Ualentinianc
655 3328 819 3392 Theodosi
847 3338 880 3393 et
903 3329 1024 3392 Arcadi
1052 3328 1166 3414 inclyti
1192 3329 1335 3393 uictores
1363 3351 1403 3393 ac

257 3433 509 3518 triumphatores
532 3453 659 3519 sempor
675 3431 833 3516 Augusti,
858 3429 1025 3515 diligentia
1047 3441 1154 3494 tamen
1176 3429 1254 3494 boni
1277 3431 1402 3494 saeculi

258 3535 355 3600 fidem
371 3534 521 3620 publicae
537 3533 761 3598 instructionis
777 3534 934 3618 exigeret.
968 3532 1129 3619 siquidem
1145 3533 1297 3598 conuenit
1313 3534 1401 3619 prin-

324 3795 340 3842 3
358 3773 558 3840 dcimambus
576 3793 596 3837 'r
682 3786 870 3839 suolenhbus
887 3787 974 3839 isdem
992 3786 1011 3839 h
1028 3801 1111 3852 super
1128 3804 1137 3837 1
1151 3786 1245 3853 posita
1262 3791 1281 3836 Τ
1299 3785 1402 3839 iisdem

257 3855 418 3908 nolentibus
431 3855 492 3908 edd.
528 3854 718 3922 munrcrprbus
731 3860 750 3905 Τ
764 3853 823 3907 Gel.
860 3853 1140 3922 tsupplicationibus
1158 3852 1318 3919 retSciop.
1331 3869 1402 3921 sqq..-

257 3922 495 3991 publicationibus
514 3922 573 3974 Get.
590 3938 645 3988 sqq.
714 3921 950 3974 oniacaedonnr
1021 3928 1052 3975 10
1070 3920 1251 3974 ueneratione
1270 3921 1332 3974 edd.

258 3997 288 4042 11
303 3990 493 4057 municipibus
511 3996 531 4040 Τ
552 3989 611 4042 cer.
683 3995 714 4042 13
732 3990 761 4041 ct
778 3989 889 4040 mh1s1'
959 3994 990 4041 14
1008 3988 1193 4041 adruuault'l'

220 4117 223 4123 ¹
325 4057 374 4110 rel.
392 4061 434 4109 45.
462 4057 519 4109 Jur.
539 4064 579 4110 50.
605 4055 668 4110 Par.
688 4062 729 4112 60.
806 4061 835 4110 15
857 4055 891 4108 D.
915 4055 1072 4110 Theodosio
1095 4071 1207 4125 semper
1229 4055 1302 4124 Aug.
1323 4055 1402 4123 Sym-

257 4125 373 4178 machus
391 4123 481 4181 Praef.
500 4124 566 4176 Urb.
587 4125 648 4178 cdd.
719 4131 749 4178 18
762 4124 873 4192 perfero
891 4124 951 4177 cdd.
971 4173 975 4180 ,
1020 4123 1179 4189 notionem,
1199 4121 1232 4176 D.
1245 4123 1404 4192 Imperator

258 4192 323 4250 Just,
335 4196 362 4245 2.
374 4207 430 4258 sqq.
501 4192 734 4244 1sex1bend1sr

326 4258 375 4312 rel.
394 4264 437 4312 46.
463 4258 523 4314 Jur.
541 4265 581 4313 60.
604 4259 666 4312 Par.
690 4263 730 4314 67.
799 4265 832 4311 24
855 4257 888 4310 D.
912 4257 1069 4311 Theodosio
1092 4274 1204 4326 semper
1226 4259 1299 4328 Aug.
1323 4257 1403 4326 Sym-

258 4327 375 4447 imi}
391 4326 482 4380 Praei.
501 4325 568 4379 Urb.
587 4327 647 4381 cdd.
718 4332 750 4379 26
768 4326 834 4379 ddd.
853 4367 858 4379 .
878 4327 991 4394 augustr
1010 4326 1157 4394 (Archadr)
1176 4332 1208 4378 T:
1227 4324 1260 4380 D.
1279 4328 1403 4395 Impera-

272 4411 335 4448 0re
376 4435 382 4447 .
