2970 5122
543 359 724 408 SYMMACHI
745 360 899 408 RELATIO
923 350 974 408 40.

616 578 819 644 RELATIO
840 579 892 644 40.

270 717 410 782 Urbium
434 716 690 804 populorumque
712 716 902 798 luctamina,
933 719 1082 803 quoniam
1107 729 1182 782 sunt
1204 720 1328 782 maiora
1412 712 1417 719 ’

188 821 331 907 priuatis,
349 819 472 884 iudicio
492 821 681 903 augustiore
694 818 858 883 censenda
870 829 955 901 sunt,
972 819 1051 884 ddd.
1064 821 1187 907 imppp.
1211 821 1327 886 merito

186 923 435 988 Puteolanorum
457 943 496 985 ac
510 921 795 985 Tarracinensium
817 943 960 1004 causam,
984 944 1066 1009 quae
1080 931 1155 1009 post
1171 923 1328 1009 Campani
1438 948 1441 954 ·

165 1025 397 1090 moderatoris
426 1045 563 1088 examen
590 1023 632 1086 ad
660 1045 789 1087 sacrum
812 1023 1009 1088 auditorium
1033 1047 1075 1089 ex
1097 1027 1328 1112 prouocatione

185 1129 352 1213 migrauit,
381 1149 454 1193 cum
483 1128 700 1213 perspicerem
729 1127 800 1211 pari
826 1123 919 1191 lance
947 1126 1115 1207 libratam,
1145 1129 1327 1192 maiestatis

184 1242 311 1295 uestrae
326 1230 462 1295 arbitrio
478 1231 658 1294 reseruaui.
696 1238 745 1293 est
761 1237 869 1292 autem
886 1228 925 1291 de
942 1251 1004 1315 quo
1019 1216 1129 1314 agitur
1145 1228 1326 1315 eiusmodi.
1345 1233 1360 1279 2

185 1332 369 1397 Puteolanis
399 1332 617 1419 municipibus
648 1331 744 1395 diuus
768 1331 980 1395 Constantius
1009 1340 1140 1396 centum
1169 1332 1326 1417 quinqua·

187 1437 276 1518 ginta
303 1436 395 1500 milia
416 1433 598 1498 modiorum
621 1436 655 1497 in
678 1433 864 1498 alimoniam
888 1434 1030 1498 ciuitatis
1054 1432 1198 1497 indulsit.
1244 1455 1327 1519 quae

153 1553 175 1591 10
187 1559 309 1602 summa
334 1560 354 1599 a
376 1538 451 1602 diuo
475 1536 653 1600 Constante
675 1545 809 1620 regente
831 1558 897 1598 rem
920 1535 1083 1622 publicam
1105 1535 1212 1599 media
1233 1545 1325 1622 parte

185 1640 331 1704 mutilata
353 1647 413 1703 est.
450 1648 525 1726 post
540 1637 752 1703 Constantius
774 1659 877 1723 aeque
900 1637 1022 1702 relatus
1045 1637 1079 1700 in
1101 1639 1228 1703 caelum
1251 1661 1325 1725 sup*

184 1738 353 1826 plicatione
376 1741 525 1826 deposita
546 1761 708 1804 annonam
724 1739 894 1804 Puteolani
917 1739 1028 1826 populi
1050 1742 1168 1824 uiginti
1184 1749 1216 1804 et
1231 1742 1323 1827 quin-

184 1864 243 1928 que
271 1840 396 1930 milium
418 1843 601 1907 adiectione
625 1842 813 1907 cumulauit.
859 1853 957 1929 atque
980 1844 1026 1906 ita
1048 1843 1170 1907 factum
1193 1852 1258 1923 est,
1287 1851 1323 1906 ut

182 1953 312 2009 centum
327 1930 417 2008 milia
432 1945 705 2033 eiusdempopuli
720 1946 825 2009 uictus
841 1946 1014 2031 acciperet.
1039 1945 1097 2009 sed
1109 1946 1184 2010 diuo
1196 1944 1322 2009 Iuliano
1342 1963 1357 2009 3

150 2072 169 2112 15
182 2046 366 2111 moderante
381 2070 450 2111 rem
465 2047 629 2134 publicam
644 2069 717 2110 cum
734 2048 845 2133 Lupus
862 2048 1024 2113 consulari
1039 2050 1109 2111 iure
1125 2048 1323 2134 Campaniae

180 2149 370 2235 praesidens
393 2149 677 2214 Tarracinensium
710 2149 986 2236 contemplaretur
1016 2152 1201 2236 angustias,
1236 2151 1323 2237 quod

179 2249 261 2315 nihil
289 2250 428 2315 subsidii
458 2238 589 2315 decreta
617 2250 740 2316 dudum
767 2252 888 2338 oppida
916 2254 1140 2338 conterebant,
1168 2274 1210 2317 ne
1238 2274 1324 2317 com·

179 2354 276 2418 moda
291 2353 410 2440 populo
426 2352 573 2416 Romano
597 2354 724 2437 ciuitas,
748 2377 831 2442 quae
855 2357 992 2419 lauacris
1015 2354 1155 2441 publicis
1179 2355 1268 2440 ligna
1291 2365 1322 2419 et

179 2455 300 2521 calcem
324 2454 514 2543 reparandis
536 2456 706 2521 moenibus
730 2457 965 2539 subministrat,
990 2457 1120 2522 defectu
1142 2457 1249 2522 subito
1266 2479 1320 2522 ex·

141 2556 295 2622 rohausta
323 2559 563 2640 succumberet,
592 2560 736 2645 quinque
764 2558 853 2624 milia
882 2569 914 2623 et
943 2560 1166 2644 septingentos
1195 2559 1322 2626 modios

178 2659 363 2724 Puteolanis
385 2660 604 2746 municipibus
629 2662 803 2746 derogatos
818 2661 1104 2727 Tarracinensium
1126 2665 1200 2728 usui
1220 2663 1344 2749 depu-

175 2763 259 2825 tauit
281 2770 312 2825 et
333 2760 553 2848 amplissimae
575 2765 798 2849 praetorianae
818 2765 889 2828 sedi
911 2773 1034 2828 statuta
1050 2774 1081 2828 et
1097 2765 1231 2829 definita
1246 2775 1321 2850 sug-

175 2865 288 2948 gessit.
326 2863 539 2929 Mamertinus
562 2864 597 2928 id
619 2867 776 2953 temporis
792 2867 1014 2953 praefecturae
1030 2867 1151 2931 honore
1167 2862 1319 2954 pollebat.

177 2967 205 3030 is
228 2988 302 3031 cum
325 2966 486 3053 disposita
507 2967 703 3052 roborasset,
727 2968 827 3034 nihilo
843 2971 948 3034 minus
965 2968 1137 3055 arbitrium
1152 2970 1319 3058 imperiale

136 3088 162 3128 2⁵
178 3068 340 3133 consuluit
367 3090 473 3155 neque
501 3069 603 3134 ullum
630 3092 837 3157 responsum,
870 3071 957 3157 quod
987 3081 1024 3136 eo
1059 3082 1204 3159 tempore
1233 3072 1318 3138 bello

174 3171 305 3236 Persico
327 3181 435 3237 rector
455 3172 583 3259 imperii
605 3174 787 3255 tenebatur,
812 3175 947 3259 accepit.
983 3173 1101 3238 exhinc
1124 3196 1182 3261 per
1194 3174 1319 3262 aliquot
1337 3183 1353 3229 4

173 3295 275 3338 annos
304 3276 446 3339 cucurrit
473 3275 536 3339 ista
564 3275 740 3362 praebitio,
770 3274 873 3340 donec
896 3275 1050 3362 Capuana
1078 3276 1198 3360 legatio
1228 3278 1316 3362 apud

173 3374 287 3440 diuum
308 3385 406 3463 atque
427 3374 587 3464 inclytum
608 3377 805 3443 Gratianum
826 3399 1017 3463 germanum
1044 3380 1186 3444 numinis
1214 3382 1316 3444 uestri

173 3499 232 3541 sua
253 3486 380 3543 tantum
396 3479 542 3566 dampna,
553 3479 724 3566 deplorans
748 3502 821 3545 eum
842 3481 996 3546 frumenti
1016 3503 1197 3567 numerum,
1220 3503 1316 3569 quem

131 3595 158 3636 ³⁰
173 3580 317 3646 Cerealis
340 3603 381 3645 ex
403 3581 514 3646 multis
529 3583 664 3647 urbibus
676 3582 822 3647 Romano
838 3583 956 3671 populo
972 3583 1165 3665 uindicaret,
1188 3585 1317 3648 restitui

172 3682 322 3748 omnibus
345 3685 542 3770 impetraret.
582 3683 639 3748 sed
656 3687 826 3750 occasione
841 3689 992 3774 rescripti
1007 3709 1079 3752 cum
1095 3685 1166 3753 sola
1180 3686 1315 3772 triginta

239 3868 287 3922 rel.
306 3874 348 3923 40.
372 3868 432 3925 Cel.
451 3875 492 3923 39.
514 3869 573 3926 Jur.
592 3874 633 3924 5³.
655 3869 718 3926 Par.
738 3877 779 3925 60.
852 3878 863 3923 1
884 3871 917 3924 D.
937 3871 1094 3927 Theodosio
1113 3888 1224 3942 semper
1241 3872 1314 3951 Aug.

171 3935 355 4005 Symmachus
377 3936 469 3992 Praef.
494 3936 561 3990 Urb.
585 3938 646 3991 edd.
721 3945 737 3993 3
760 3939 900 3991 censenda
924 3939 1000 3996 cdd:
1023 3941 1187 3994 cedendas
1209 3940 1314 3994 iudic1o

170 4020 204 4058 au
246 4004 325 4057 stiori
343 4004 489 4057 cedenda?
557 4004 591 4057 D.
615 4004 772 4073 Imperator
794 4006 856 4063 edd.
926 4007 1209 4062 4Terracinensium
1231 4007 1314 4061 ctiam

168 4072 200 4127 in
230 4088 249 4124 a
266 4070 329 4126 cdd.
398 4071 563 4125 thbratam
582 4091 596 4124 r
615 4090 648 4127 cac
667 4090 684 4127 a
700 4078 808 4128 corr'l'
877 4072 1110 4129 8Constantinus
1129 4076 1192 4130 Jwr.
1211 4078 1238 4129 2.
1256 4090 1313 4143 sqq.

238 4137 277 4193 Cl.
296 4137 334 4197 Μ,
353 4139 427 4192 mod.
446 4140 507 4193 cdd.
578 4146 609 4193 10
627 4159 669 4209 rp.
689 4147 708 4192 Τ
779 4147 807 4193 11
827 4142 892 4210 post
903 4143 1076 4196 constantrus
1094 4150 1126 4197 T:
1146 4144 1313 4213 postquem

168 4206 203 4260 N.
218 4206 277 4260 eeu
289 4223 344 4274 sqq.
355 4209 430 4326 post
441 4223 526 4274 quem
539 4207 718 4262 Constantius
730 4209 794 4263 Jar.
807 4212 833 4262 2.
845 4226 900 4277 sqq.
943 4215 973 4262 12
986 4210 1071 4264 XXV.
1083 4210 1121 4264 M.
1133 4210 1208 4264 mod.
1218 4210 1278 4266 edd.

169 4280 202 4328 14
214 4273 244 4331 C.
257 4273 294 4327 M.
306 4247 353 4327 md
395 4275 455 4328 edd.
498 4282 614 4344 ltrp.T
656 4281 687 4330 16
699 4277 1087 4345 praesrderturpraesideret
1098 4282 1145 4332 et‘?
1184 4284 1213 4332 17
1227 4277 1314 4345 op1da

168 4348 188 4393 1·
258 4348 288 4395 21
309 4341 482 4411 derogatur
551 4348 584 4396 22
602 4346 765 4414 sugges1tr
836 4351 868 4399 27
887 4345 1008 4398 denec'r
1078 4345 1312 4400 30u1ndrcarar

237 4416 268 4464 31
287 4409 454 4478 impetraret
472 4417 491 4461 Τ
509 4411 585 4466 Lect.
598 4415 624 4469 2.
639 4428 672 4466 ea
689 4414 747 4467 cod.
765 4411 917 4469 Woucrant
929 4427 997 4480 squ:
1016 4413 1170 4482 imperaret
1184 4412 1241 4468 cet.
1255 4429 1311 4481 sqq.
1359 4423 1362 4429 ’
