2970 5122
514 391 869 441 1111111111111111
893 382 944 440 22.
968 383 1017 442 23.

604 611 806 679 RELATIO
827 614 879 677 22.

255 736 308 799 De
340 733 508 800 tribunatu
540 733 641 796 suarii
668 732 730 797 fori
758 755 863 821 nuper
889 744 961 799 orta
989 738 1154 802 contentio
1182 759 1320 802 cansam

171 837 250 902 mihi
279 835 389 902 attulit
418 837 528 921 legum
555 833 696 899 arbitros
723 835 932 920 consulendi,
961 835 1040 902 ddd.
1068 840 1192 927 imppp.
1242 862 1318 927 pro-

170 950 282 1005 uectus
305 939 466 1023 instabat,
488 948 525 1003 ut
547 936 690 1003 delatum
713 938 776 1003 sibi
799 941 972 1004 sortiretur
993 939 1156 1024 officium,
1178 952 1277 1008 uetus
1301 965 1319 1006 e

170 1041 259 1127 lege,
283 1063 365 1128 quae
385 1050 533 1129 tempora
551 1041 752 1107 istiusmodi
774 1044 902 1108 actibus
925 1051 1014 1106 certa
1035 1044 1199 1127 decreuit,
1221 1066 1345 1110 recu-s

170 1143 267 1209 sabat
288 1143 411 1210 honore
432 1143 597 1209 decedere.
631 1154 762 1210 secutus
777 1166 899 1210 morem
914 1143 1012 1230 longa
1026 1155 1134 1211 aetate
1149 1155 1319 1212 seruatum

170 1267 258 1327 eum,
287 1247 343 1332 qui
369 1268 483 1312 recens
512 1247 690 1311 maiestatis
719 1257 850 1312 uestrae
876 1246 1068 1312 beneficium
1095 1249 1318 1336 praeferebat,

136 1364 151 1411 a
169 1347 296 1414 admisi.
341 1350 399 1414 sed
420 1358 457 1412 ut
478 1347 648 1434 deinceps,
671 1348 699 1411 si
722 1348 807 1413 forte
828 1372 908 1414 usus
929 1349 1052 1430 tulerit,
1074 1353 1318 1416 cunctationem

168 1449 283 1515 iudicii
316 1449 466 1515 absoluta
499 1449 604 1514 forma
636 1449 846 1534 submoueat,
884 1455 982 1517 statui
1015 1475 1148 1518 sacrum
1170 1456 1318 1520 numinis

168 1555 269 1619 uestri
292 1552 456 1619 oraculum
480 1554 653 1634 sciscitari,
681 1562 790 1618 utrum
812 1555 863 1618 fas
886 1556 929 1619 sit
951 1577 1053 1622 nouos
1075 1557 1224 1622 tribunos
1248 1574 1356 1622 ser-1⁰

168 1665 248 1722 uata
282 1655 355 1743 lege
388 1656 510 1722 differri
542 1678 583 1722 an
616 1657 720 1741 magis
748 1665 875 1722 ueteres
905 1668 1054 1744 oporteat
1081 1660 1229 1746 praelata
1259 1661 1316 1726 de·

156 1759 302 1829 ,uotione
323 1761 494 1824 remoueri.

602 1962 802 2029 RELA'PIO
824 1965 875 2029 23.

252 2081 363 2148 Unum
377 2079 525 2147 leuamen
540 2083 668 2147 iniuriis
683 2084 763 2146 meis
779 2083 894 2148 tribuit
910 2093 1055 2166 euentus,
1079 2083 1160 2150 ddd.
1175 2084 1314 2173 imppp,

166 2194 203 2250 ut
225 2185 361 2250 Romam
383 2183 534 2272 publicae
556 2185 705 2250 utilitatis
727 2186 935 2270 gratiane.
959 2194 991 2250 et
1011 2184 1147 2251 illustris
1164 2185 1314 2251 clemen-
1328 2211 1354 2250 rs

166 2289 296 2374 tiaeque
324 2295 453 2352 uestrae
481 2309 608 2373 semper
636 2286 763 2354 dicatus
785 2308 892 2353 comes
915 2287 1094 2375 Hesperius
1117 2289 1314 2356 mitteretur.

123 2386 127 2396 ’
166 2412 244 2455 nam
267 2392 295 2455 si
311 2412 385 2454 eum
400 2399 517 2455 testem
532 2388 811 2475 contumeliarum,
827 2412 907 2477 quas
920 2389 1050 2478 pertuli,
1068 2414 1131 2457 non
1144 2390 1314 2475 haberem,

166 2494 238 2579 quis
266 2491 431 2557 dubitaret
454 2514 525 2556 eam
547 2491 801 2580 praefecturam,
832 2515 915 2579 quae
937 2493 1060 2563 Romae
1085 2502 1134 2558 cst
1157 2496 1314 2581 superior

166 2596 293 2679 ceteris,
316 2595 483 2660 turbidum
505 2593 629 2681 aliquid
651 2616 709 2681 pro
732 2604 898 2681 potestate
920 2596 1060 2661 fecisse?
1092 2597 1132 2677 is,
1156 2596 1312 2681 quoniam

166 2699 288 2763 amicus
319 2710 368 2764 est
395 2700 525 2763 ueritati
554 2707 586 2761 ct
614 2697 736 2761 famam
763 2696 923 2762 bonorum
951 2706 1134 2784 temporum
1160 2695 1254 2778 colit,
1284 2700 1354 2766 sizo

153 2800 294 2866 ‘dederit
317 2802 493 2866 aeternitas
516 2809 642 2883 uestra,
666 2809 887 2885 contemptum
910 2800 1018 2885 legum
1042 2821 1080 2864 ac
1102 2797 1223 2892 saeculi
1245 2822 1313 2865 non

167 2902 288 2969 silebit.
332 2926 408 2990 ego,
437 2913 474 2968 ut
496 2913 625 2990 potero,
653 2901 695 2967 de
716 2901 827 2967 multis
849 2925 954 2988 pauca
976 2903 1132 2981 narrabo,
1159 2905 1310 2988 repetitis

165 3005 334 3093 paululum
356 3006 474 3088 causis,
497 3027 581 3093 quae
603 3003 693 3088 mihi,
716 3014 754 3071 ut
776 3004 928 3087 arbitror,
950 3005 1008 3070 hes
1030 3004 1166 3070 insidias
1188 3007 1312 3070 excita-

39 3129 62 3164 ·-
132 3136 147 3184 2
166 3120 252 3174 runt.
285 3130 358 3174 oum
373 3130 432 3196 pro
448 3106 627 3194 diligentia,
643 3129 726 3196 quae
741 3105 840 3172 debet
855 3107 1005 3173 omnibus
1015 3109 1122 3173 inesse
1133 3106 1310 3192 iudicibus,

166 3214 293 3297 argenti
322 3211 445 3299 publici
468 3213 550 3276 ratio
572 3219 798 3298 quaereretur,
827 3208 915 3296 quod
937 3208 1143 3274 censualibus
1166 3209 1309 3275 editores
1324 3235 1354 3274 aa

166 3337 335 3379 muncrum
368 3314 587 3392 contulerunt,
620 3313 706 3377 inter
738 3323 861 3378 ceteras
893 3311 1026 3378 fraudes
1059 3323 1222 3398 repertum
1257 3325 1310 3391 est

166 3417 325 3507 quosdam
336 3416 557 3482 functionibus
575 3413 741 3481 absolutos
758 3425 921 3501 sumptum
937 3413 1082 3480 debitum
1097 3417 1144 3480 rei
1155 3414 1310 3502 publicae

165 3520 383 3594 acadedisse
405 3528 453 3599 et,
476 3527 512 3589 ut
534 3515 665 3581 fallacia
686 3517 750 3582 ista
773 3527 953 3602 tegeretur,
979 3541 1021 3582 ex
1041 3516 1147 3583 alieno
1168 3529 1309 3604 argento

233 3825 283 3879 rel.
301 3831 342 3879 22.
370 3823 430 3879 Gel.
449 3828 489 3876 21.
517 3819 575 3875 Jur.
594 3827 635 3876 35.
664 3821 784 3876 Ρ11.42.
855 3821 915 3876 lD.
928 3820 1086 3878 Theodosio
1104 3840 1162 3878 sem
1185 3840 1216 3878 er
1232 3824 1308 3895 Aug.

166 3893 184 3948 S
205 3892 349 3947 mmaohus
370 3890 457 3944 Praef.
483 3889 549 3943 Urb.
573 3890 634 3946 edd.
704 3896 720 3943 2
743 3906 829 3943 suani
852 3896 884 3943 1⁸:
908 3890 1011 3944 uinarii
1033 3891 1093 3946 edd.
1116 3893 1148 3945 111
1169 3894 1309 3962 eoorriye

194 3961 306 4030 11111119
326 3960 365 4013 ad
386 3958 516 4012 notitiam
533 3958 610 4027 dion.
629 3958 714 4012 occid.
733 3973 763 4025 p.
781 3962 839 4012 195.
909 3965 925 4012 3
948 3956 981 4014 D.
999 3958 1156 4026 Imperator
1173 3960 1236 4014 edd.

165 4029 357 4083 ldrlatumr
426 4025 1100 4104 11118113112111111112(111111.
1171 4033 1201 4080 11
1244 4044 1308 4082 rae·

165 4097 225 4151 lata
241 4110 291 4153 om.
310 4095 375 4154 Jur.
392 4097 419 4148 2.
437 4110 493 4162 sqq.
564 4099 595 4146 12
613 4109 753 4147 remouerr
770 4093 836 4151 Jur.
852 4044 883 4147 dl
896 4109 928 4161 aq
947 4113 966 4145 .:
984 4110 1130 4149 remouere
1143 4101 1163 4147 1·
1177 4045 1307 4164 Gedsqq.

233 4163 282 4219 rel.
295 4169 337 4218 23.
353 4162 413 4218 Gal.
427 4168 468 4219 22.
487 4160 545 4213 Jur.
558 4167 599 4215 36.
612 4160 673 4218 Par.
686 4167 727 4218 43.
764 4168 795 4215 13
805 4160 838 4214 D.
851 4110 1007 4216 Theodosio
1020 4178 1131 4231 semper
1138 4164 1211 4233 Aug.
1226 4161 1308 4231 Sym-

165 4232 280 4286 machus
297 4229 388 4284 Praef.
407 4229 473 4283 Urb.
492 4229 554 4285 edd.
642 4236 673 4282 14
690 4228 725 4285 D.
744 4229 900 4296 Imperator
918 4229 978 4283 edd.
1067 4236 1098 4284 18
1117 4246 1198 4299 eamq
1216 4237 1237 4282 '1¹

165 4299 291 4378 superior
309 4300 352 4352 est
368 4298 428 4352 edd.
500 4304 530 4352 19
552 4296 684 4365 quoniam
706 4312 818 4365 semper
839 4296 945 4349 amicus
963 4297 1025 4350 edd.
1093 4303 1123 4351 21
1147 4300 1243 4352 uestra
1260 4315 1306 4353 co·

164 4365 547 4488 p1am,oontemptumedd.
616 4367 645 4418 et
662 4363 767 4417 saeculi
785 4364 846 4417 edd.
917 4369 949 4417 22
968 4371 1074 4434 ergor
1142 4371 1306 4422 251111111-

176 4439 376 4489 1112111112
446 4438 552 4487 28111
570 4438 659 4486 (11.1·
726 4430 873 4485 fallatia!
