2970 5122
178 377 197 441 8
545 392 727 441 srnusom
749 391 903 440 annsmo
927 383 957 440 3.

178 530 240 592 dus
269 527 419 594 inuoluit.
465 527 543 614 quid
572 530 723 610 interest,
752 551 817 614 qua
844 529 984 613 quisque
1013 527 1186 614 prudentia
1208 549 1325 592 uerum

179 632 346 718 requirat?
389 653 454 696 uno
481 631 598 695 itinere
625 654 690 694 non
718 639 825 717 potest
854 629 1018 717 perueniri
1045 628 1087 693 ad
1109 639 1176 694 tam
1198 628 1325 713 grande

179 745 350 799 secretum.
395 734 453 798 sed
476 735 651 799 otiosorum
675 733 854 821 disputatio
884 743 934 797 est
961 732 1051 797 haec.
1096 754 1182 796 nunc
1210 754 1325 819 preces

131 852 160 898 11
180 860 244 901 non
267 846 432 901 certamen
446 836 621 904 afferimus.
659 847 779 922 quanto
795 835 964 901 commodo
981 837 1066 899 sacri
1081 834 1199 899 aerarii
1222 835 1325 899 uestri

181 936 362 1005 Uestalium
384 939 549 1022 uirginum
572 941 800 1025 praerogatiua
822 938 972 1018 detracta
987 939 1059 1002 est?
1097 939 1158 1002 sub
1179 937 1325 1021 largissi-
1339 947 1364 992 ⁵¹

181 1043 242 1106 mis
265 1041 515 1127 imperatoribus
539 1042 731 1124 denegetur,
759 1041 847 1127 quod
869 1041 1054 1126 parcissimi
1082 1039 1327 1126 praestiterunt.

185 1133 289 1209 honor
311 1142 399 1208 solus
417 1152 466 1208 est
488 1146 521 1207 in
543 1142 599 1206 illo
622 1140 724 1206 ueluti
747 1143 911 1229 stipendio
934 1144 1107 1208 castitatis.
1151 1142 1198 1207 Ut
1220 1142 1327 1207 uittae

183 1269 294 1328 earum
311 1246 423 1333 ‘capiti
456 1246 555 1310 decus
583 1244 723 1327 faciunt,
756 1247 803 1309 ita
830 1247 958 1331 insigne
987 1245 1118 1310 ducitur
1151 1243 1326 1309 sacerdotii

180 1371 298 1413 uacare
325 1348 523 1413 muneribus.
568 1345 691 1411 nudum
714 1348 877 1433 quoddam
908 1370 1024 1411 nomen
1053 1347 1256 1411 inmunitatis
1278 1369 1326 1410 re·

182 1453 330 1537 quirunt,
355 1451 509 1537 quoniam
525 1459 717 1534 paupertate
740 1472 760 1512 a
782 1449 953 1537 dispendio
977 1458 1065 1514 tutae
1088 1458 1172 1513 sunt.
1211 1449 1324 1534 itaque
1341 1470 1363 1507 ιο

182 1553 321 1641 amplius
355 1552 444 1618 laudi
479 1574 589 1616 earum
619 1551 780 1632 tribuunt,
816 1553 872 1638 qui
901 1551 1026 1637 aliquid
1058 1552 1106 1614 rei
1136 1551 1326 1615 detrahunt.

86 1654 93 1666 ’
183 1655 344 1742 siquidem
367 1655 465 1720 saluti
487 1653 637 1741 publicae
654 1653 761 1718 dicata
777 1655 947 1738 uirginitas
964 1655 1082 1718 crescit
1097 1656 1228 1736 merito,
1251 1677 1327 1718 oum

133 1767 271 1823 mearet
292 1757 444 1844 praemio.
482 1757 591 1822 absint
612 1756 654 1819 ab
669 1757 784 1820 aerarii
807 1758 910 1821 uestri
932 1758 1076 1843 puritate
1097 1759 1161 1822 ista
1177 1778 1327 1843 compen-

183 1858 247 1923 dia.
297 1858 396 1922 fiscus
429 1860 588 1925 bonorum
620 1859 804 1944 principum
835 1880 899 1923 non
928 1861 1133 1925 sacerdotum
1162 1860 1327 1945 dampnis,

183 1960 241 2025 sed
264 1961 406 2025 hostiurn
429 1959 544 2046 spoliis
566 1969 735 2045 augeatur.
779 1960 861 2024 illud
884 1973 980 2025 tenue
1003 1961 1126 2026 lucrum
1149 1970 1329 2047 conpensat
1344 1975 1366 2015 ¹⁵

183 2061 368 2127 inuidiam?
410 2063 500 2147 atqui
531 2063 670 2149 auaritia
696 2064 730 2126 in
753 2085 859 2128 mores
883 2073 1007 2127 uestros
1035 2087 1099 2128 non
1123 2064 1220 2128 cadit.
1266 2063 1330 2127 hoc

184 2164 369 2228 miseriores
386 2175 470 2246 sunt,
493 2166 611 2251 quibus
627 2165 775 2231 subsidia
791 2175 904 2230 uetera
919 2166 1071 2251 decerpta
1087 2173 1172 2229 sunt.
1208 2167 1329 2230 etenim

184 2268 246 2333 sub
268 2268 534 2354 imperatoribm,
558 2269 613 2352 qui
635 2267 741 2333 alieno
765 2269 944 2349 abstinent,
968 2269 1045 2354 quia
1059 2269 1215 2332 resistunt
1237 2270 1329 2353 cupi-

185 2370 299 2451 ditati,
330 2370 373 2434 ad
394 2369 494 2434 solam
518 2369 702 2435 detrahitur
724 2372 904 2435 amittentis
932 2371 1102 2452 iniuriam,
1134 2368 1220 2455 quod
1243 2368 1330 2434 desi-

136 2489 167 2537 13
186 2471 312 2538 derium
335 2495 399 2535 non
421 2481 532 2554 mouet
550 2472 740 2538 auferentis.
778 2494 873 2557 agros
897 2469 994 2538 etiam
1013 2472 1197 2557 uirginibus
1213 2481 1246 2536 et
1268 2473 1329 2536 mi·
1343 2498 1368 2536 ao

103 2650 105 2654 ,
185 2575 297 2639 nistris
321 2574 540 2640 deficientium
563 2576 729 2640 uoluntate
746 2576 870 2659 legatos
885 2575 983 2639 fiscus
998 2583 1149 2638 retentat.
1187 2594 1243 2638 oro
1258 2596 1331 2657 uos,

185 2677 331 2742 iustitiae
354 2676 557 2760 sacerdotes,
580 2688 618 2741 ut
638 2679 729 2742 urbis
751 2687 882 2742 uestrae
897 2667 998 2740 sacris
1021 2675 1177 2740 reddatur
1199 2677 1333 2761 priuata

187 2781 358 2843 successio.
411 2779 535 2843 dictent
564 2788 758 2844 testamenta
794 2781 900 2844 securi
929 2788 961 2843 et
988 2780 1093 2843 sciant
1121 2777 1182 2842 sub
1209 2777 1330 2862 prinei-

187 2882 284 2969 pibus
312 2903 377 2945 non
406 2882 515 2945 auaris
542 2881 659 2946 stabile
692 2904 779 2964 esse,
813 2881 901 2968 quod
935 2880 1136 2968 scripserint.
1189 2879 1333 2945 delectet

187 3006 246 3049 uos
268 2986 332 3049 ista
354 2982 494 3048 felicitas
517 2984 646 3068 generis
662 2984 804 3049 humani.
841 2985 949 3071 eoepit
963 3005 1082 3048 causac
1104 2984 1198 3048 huius
1222 3005 1333 3048 exem·
1346 3006 1373 3046 a

189 3087 277 3171 plum
300 3085 478 3151 sollicitare
499 3087 683 3154 morientes.
721 3109 798 3172 ergo
820 3087 988 3152 Romanae
1009 3085 1186 3170 religiones
1208 3084 1252 3149 ad
1267 3084 1332 3150 Ro-

188 3209 284 3251 mana
306 3187 377 3252 iura
398 3210 462 3252 non
478 3188 665 3275 pertinent?
702 3189 789 3274 quod
804 3211 921 3252 nomen
937 3189 1077 3274 accipiet
1091 3187 1213 3252 ablatio
1229 3187 1333 3252 facul·

138 3309 170 3358 14
188 3299 307 3370 tatum,
337 3311 417 3375 quas
440 3289 530 3354 nulla
552 3292 607 3355 lex
634 3290 740 3355 nullus
769 3313 864 3355 casus
892 3291 972 3356 fecit
994 3289 1160 3355 caducas?
1196 3292 1335 3375 capiunt

32 3451 35 3456 .
143 3399 156 3480 J
188 3392 297 3474 legata
319 3391 444 3473 liberti,
474 3393 577 3456 seruis
602 3402 869 3459 testamentorum
892 3395 977 3457 iusta
999 3393 1169 3457 commoda
1191 3415 1255 3457 non
1277 3416 1335 3456 ne-

194 3518 197 3521 -
478 3497 502 3530 κ

247 3559 272 3613 ²2
291 3562 417 3628 requirat
434 3567 454 3613 T
472 3567 496 3612 (t
511 3560 587 3614 Em:
610 3560 736 3629 inquirat
752 3561 813 3615 edd.
870 3569 901 3616 ,3
922 3561 991 3615 haec
1014 3566 1079 3615 ante
1096 3561 1251 3615 ociosorum
1270 3563 1334 3616 edd.

190 3634 211 3680 G
278 3629 464 3681 temtamina
487 3629 588 3683 eddo
661 3627 817 3682 affernmus
835 3634 868 3693 T,
892 3627 1034 3682 offerimus
1052 3629 1153 3682 eddo
1245 3632 1335 3683 nanto

189 3739 194 3749 .
216 3735 222 3748 .
241 3702 256 3748 9
274 3695 437 3749 muneribus
458 3696 555 3750 lemma
578 3696 611 3749 in
632 3696 723 3751 Prud.
750 3697 828 3751 codd.
902 3696 972 3749 sacri
993 3711 1044 3751 om.
1067 3696 1144 3751 codd.
1168 3697 1232 3750 Pro
1253 3737 1260 3751 .

189 3769 205 3816 6
223 3763 381 3831 denegatur
399 3764 460 3818 edd.
479 3764 570 3818 Prad.
587 3764 667 3818 codd.
686 3769 707 3815 (ἱ
809 3769 824 3817 7
843 3763 923 3818 uelut
941 3764 1001 3818 edd.
1020 3764 1111 3817 Prad.
1129 3764 1208 3821 codd.
1226 3769 1247 3815 G

189 3832 249 3900 ulle
267 3835 327 3882 To
395 3837 578 3901 81ns1gneG
646 3831 786 3884 drc1turT
855 3831 1333 3887 sacerdot11oodd.Prad.Jar.a

189 3915 260 3967 sqq:
278 3898 417 3951 sacerdotr
435 3905 468 3964 T,
492 3898 621 3952 sacrificii
644 3905 665 3951 G
684 3899 742 3956 aa.
759 3915 815 3967 sqq.
885 3899 1126 3966 aquodammodo
1150 3915 1252 3952 nomeu
1271 3901 1334 3958 cdd.

190 3972 211 4018 G
279 3967 497 4033 reqmrunturT
571 3975 599 4020 lo
617 3982 634 4019 a
651 3973 738 4022 om.T
808 3973 838 4019 12
876 3967 1009 4021 ublroet}
1081 3975 1110 4020 13
1147 3973 1265 4019 rarnsG

170 4036 231 4098 ,1ta
248 4033 443 4101 conpendmtt
515 4041 544 4086 14
557 4035 677 4113 Ι(ἱειῃιιμε
699 4041 720 4087 G
792 4041 822 4088 15
843 3985 914 4086 ilud
932 4036 1018 4087 tenue
1036 4049 1100 4088 nos:
1123 3981 1193 4086 llud
1216 4035 1282 4087 tene
1303 4041 1333 4112 T,

189 4101 317 4156 ullumne
335 4101 396 4155 edd.
415 4107 436 4153 G
505 4102 663 4157 161nu1d1a
681 4100 739 4155 Ger.
758 4102 823 4158 Jur.
841 4106 865 4155 1.
876 4102 958 4165 ,Lect
976 4106 999 4153 (t
1066 4102 1152 4171 adqu1
1171 4108 1198 4166 T,
1219 4103 1249 4154 at
1266 4119 1336 4169 qma

191 4169 255 4224 Jur.
273 4171 299 4221 2.
317 4167 416 4235 Seiop,
435 4169 465 4222 et
499 4169 585 4221 uiaG
606 4170 663 4223 cod.
683 4168 743 4227 Vat.
762 4175 787 4224 et
805 4169 913 4224 Bertia.
932 4168 1058 4236 scioppii
1076 4170 1145 4223 Pur.
1172 4169 1264 4236 Wtaq.

190 4236 299 4290 uestros
321 4251 413 4290 mores
436 4187 498 4290 edd.
583 4240 613 4289 18
637 4236 715 4304 quia:
739 4236 788 4304 qui
812 4237 873 4291 edd.
897 4241 918 4288 (t
999 4243 1030 4291 19
1049 4237 1261 4290 adm1ttent1sT

191 4303 377 4372 allegator
411 4303 560 4373 legatusd
628 4305 825 4357 retentaturT
894 4310 927 4358 24
953 4305 1125 4372 scripserunt
1147 4303 1207 4358 Get.
1225 4303 1290 4358 Jar.
1310 4309 1335 4362 1.

193 4370 266 4425 Lect.
336 4377 369 4425 26
387 4371 522 4440 religione
545 4370 635 4423 subt}
698 4371 849 4440 religiones
871 4372 922 4424 sub
940 4372 1005 4426 Jar.
1022 4376 1050 4429 2.
1069 4389 1124 4440 sqq.
1144 4378 1176 4425 27
1195 4371 1335 4425 oblatroT

260 4442 292 4492 29
309 4437 414 4506 hberq,
432 4443 451 4490 T
520 4438 609 4507 ligata
625 4439 735 4502 llbertls
752 4444 773 4490 G
