2970 5122
358 394 364 404 ’
465 375 646 424 sruuncrn
667 376 821 425 canario
846 367 897 423 21.
1210 361 1251 424 29

100 511 238 577 honoris
273 512 338 576 mei
366 511 505 600 quadam
532 511 784 599 reprehensione
812 510 1041 598 praestringat.
1089 533 1165 576 nam
1194 515 1251 599 qui

101 614 224 678 summi
256 611 321 678 loci
350 613 474 679 iudices
505 613 708 703 decolorant,
741 617 824 680 sacri
852 615 1031 680 testimonii
1057 614 1251 679 facilitatem

100 715 259 781 uidentur
285 718 459 793 incessere.
503 717 567 781 iam
598 715 721 781 dudum
748 741 800 782 me
828 719 923 782 diuus
951 719 1080 802 genitor
1107 718 1250 781 numinis

101 820 155 883 tui
189 820 362 906 praecipuo
390 819 511 897 honore
542 819 695 903 dignatus
725 830 788 886 est:
822 820 878 885 ille
905 821 1096 886 meritorum
1127 819 1251 888 arbiter

72 920 292 1007 tsingulsris,
316 921 408 986 cuius
431 922 601 1009 imperium
625 944 698 988 cum
720 923 864 988 moribus
881 923 1044 1010 recepisti.
1078 931 1250 1010 paternum

100 1046 240 1112 sequere
261 1034 355 1089 tuum
376 1032 468 1089 tuere
489 1023 659 1089 iudicium.
693 1027 749 1112 qui
770 1027 1011 1113 praefecturam
1032 1025 1103 1090 sine
1124 1024 1250 1090 ambitu
1281 1018 1286 1028 ’

100 1127 293 1208 meruimus,
317 1127 386 1192 sine
409 1127 586 1192 offensione
608 1150 778 1214 ponamus.
822 1128 1087 1220 suggestionibus
1109 1128 1179 1192 uiri
1195 1149 1249 1210 ex·
1268 1143 1296 1197 5,

99 1229 251 1314 cellentis
275 1239 307 1293 et
335 1229 375 1293 de
403 1250 439 1292 re
466 1228 598 1314 publica
625 1229 708 1295 bene
735 1232 844 1296 meriti
866 1231 1070 1296 Praetextati
1092 1230 1252 1316 praefecti

100 1333 266 1418 praetorio
294 1331 415 1397 abusus
445 1333 626 1398 existimor.
670 1334 765 1418 quid,
794 1333 822 1396 si
845 1349 887 1397 ex
909 1333 964 1398 illo
989 1331 1134 1410 decreto,
1164 1333 1250 1418 quod

59 1455 87 1493 ιο
100 1433 319 1521 probabiliter
340 1436 542 1522 impetrauit,
564 1433 705 1498 necdum
725 1456 746 1498 a
767 1457 818 1498 me
841 1436 989 1522 quaestio
1009 1434 1076 1499 ulla
1091 1444 1251 1520 temptata

101 1537 179 1602 est?
211 1536 360 1623 praeuidi
383 1537 470 1602 enim
492 1535 571 1622 quid
594 1537 721 1623 possint
736 1537 856 1602 aemuli
871 1540 1040 1624 suspicari,
1063 1547 1161 1624 atque
1177 1535 1251 1601 ideo

105 1639 280 1724 obsignata
307 1640 416 1705 officio
444 1638 668 1727 praefecturae
697 1661 790 1704 sacra
818 1642 908 1705 iussa
930 1643 1166 1707 commiseram.
1190 1661 1251 1705 nec

101 1763 152 1806 me
173 1739 270 1806 huius
285 1741 586 1807 modi·conieetura
609 1741 749 1827 decepit.
787 1743 949 1830 siquidem
964 1765 1078 1808 seuere
1093 1752 1249 1808 executus

102 1844 289 1927 insimulor,
317 1845 403 1931 quod
431 1867 497 1909 non
520 1846 696 1909 conuincor
718 1867 904 1931 aggressus.
949 1846 1031 1911 haec
1053 1849 1162 1912 omnia
1183 1843 1282 1909 tideo

64 1973 89 2015 15
103 1956 253 2011 actorum
281 1948 505 2033 conprehensa
534 1945 674 2028 subieci,
703 1970 804 2011 unum
825 1948 909 2012 illud
932 1948 1105 2031 adiiciens,
1134 1957 1170 2012 ut
1197 1970 1250 2011 me
1336 1966 1340 1971 ·

102 2051 291 2136 perennitas
326 2059 438 2114 uestra
471 2049 667 2114 necessitate
699 2050 922 2136 inquisitionis
955 2052 1052 2116 huius
1085 2050 1248 2132 absoluat,

104 2153 196 2216 cuius
219 2154 447 2229 auctoritatem
469 2153 587 2218 referri
609 2150 652 2214 ad
674 2153 795 2217 scrinia
817 2153 965 2239 palatina
986 2153 1138 2218 iussistis.
1172 2175 1249 2217 nam

103 2256 131 2318 si
161 2264 287 2320 tantum
316 2256 357 2319 de
384 2278 435 2320 me
464 2254 621 2341 improbis
650 2255 743 2318 licuit
777 2266 910 2341 extante
943 2264 1132 2344 praecepto,
1168 2253 1248 2342 quid

102 2357 290 2423 retractatis
312 2356 431 2423 litteris
453 2381 518 2424 non
540 2356 676 2421 licebit?
720 2380 798 2422 sane
820 2357 978 2424 laudabili
1000 2360 1072 2423 uiro
1095 2359 1248 2445 episcopo

62 2481 89 2519 ao
104 2461 286 2544 denegante
313 2460 415 2527 ullum
439 2483 456 2525 e
478 2462 545 2525 suis
568 2469 624 2524 aut
646 2481 776 2526 carcere
804 2471 860 2526 aut
888 2462 1028 2526 uinculis
1056 2462 1188 2525 attineri
1217 2470 1249 2525 et

102 2561 214 2627 officio
227 2560 340 2627 eadem
352 2572 546 2647 suggerente
561 2564 686 2648 ignoro,
698 2587 779 2650 quos
792 2566 999 2651 potissimum
1017 2565 1247 2650 praeceperitis

102 2664 243 2730 absolui.
287 2674 400 2730 tenent
422 2663 554 2751 quidem
575 2665 663 2750 leges
686 2667 852 2733 uariorum
875 2669 1048 2744 criminum
1071 2689 1160 2745 reos,
1190 2666 1248 2731 sed

101 2777 140 2832 ut
156 2769 298 2853 comperi
321 2789 341 2831 a
356 2769 536 2832 ministerio
553 2767 756 2835 Christianae
778 2770 861 2856 legis
878 2770 1012 2834 alienos,
1052 2770 1131 2856 quid
1147 2771 1248 2854 igitur
1266 2789 1280 2836 7

99 2872 278 2959 aeternitas
306 2879 416 2935 uestra
444 2871 613 2949 decernat,
645 2871 783 2937 deuotus
811 2874 962 2958 opperior
990 2879 1022 2938 et
1043 2894 1181 2958 quaeso,
1212 2881 1249 2936 ut

61 2999 89 3040 25
102 2970 269 3037 fallaciam
291 2972 486 3053 retundatis,
511 2995 593 3058 quae
616 2973 720 3038 diuini
735 2977 875 3061 pectoris
891 2975 941 3040 tui
955 2973 1143 3040 sollicitauit
1158 2974 1245 3061 quie·

101 3086 188 3156 tem,
208 3092 299 3162 quae
321 3074 364 3138 ad
386 3074 484 3164 edicti
506 3077 734 3142 necessitatem
756 3076 934 3142 uenerandi
956 3079 1113 3164 principis
1136 3099 1249 3159 curam

101 3178 222 3261 coegit.
258 3200 318 3259 ,me
340 3180 480 3244 muniuit
501 3177 642 3263 inuidia3
670 3181 757 3265 apud
781 3203 874 3244 aures
899 3182 985 3244 enim
1008 3203 1117 3246 sacras
1140 3180 1247 3245 locum

99 3288 218 3366 postea
239 3302 305 3344 non
326 3280 460 3346 habebit
483 3283 631 3346 conuicta
652 3282 823 3347 mendacii.
857 3283 886 3345 si
909 3283 988 3369 quid
1011 3294 1118 3349 tamen
1141 3283 1247 3348 denuo

100 3382 357 3448 obtrectantium
379 3406 526 3448 murmur
539 3386 723 3468 ingesserit,
747 3396 823 3472 opto
838 3385 1003 3475 iudicium.
1038 3386 1248 3472 experientur
1350 3378 1360 3384 ⁵

58 3509 86 3550 eo
100 3505 157 3548 me
190 3485 250 3550 sub
282 3486 445 3572 imperiali
477 3486 711 3573 disceptatione
743 3497 960 3570 constantem,
994 3490 1050 3575 qui
1077 3499 1247 3553 nocentem

100 3587 244 3675 probare
265 3610 331 3653 non
352 3597 500 3675 possunt.
923 3584 930 3597 '
1170 3597 1173 3604 '

156 3898 170 3944 1
189 3892 362 3962 perstringat
379 3893 440 3948 cdd.
509 3900 525 3947 2
543 3893 679 3948 fac1htate
698 3903 717 3947 T
786 3903 802 3950 ὃ
817 3899 821 3965 l
836 3898 986 3966 paternum
1000 3913 1066 3968 paq.
1084 3900 1120 3951 24
1136 3899 1196 3952 iaci
1215 3899 1247 3952 it.

106 4029 112 4039 Ι
161 3963 189 4038 ,8
205 3966 319 4039 rp.T¹
356 3966 387 4014 11
405 3963 520 4041 possent
537 3963 599 4041 edd.
669 3970 700 4016 12
713 3964 899 4043 obsignatoT
969 3973 1058 4020 13me
1075 3981 1125 4045 om:
1139 3973 1168 4022 Τ,
1191 3914 1247 4020 dea

98 4044 137 4081 Μ
154 4043 212 4148 ”ll
228 4043 473 4174 uultur
490 4032 861 4154 ttttttttttta..
883 4032 1247 4169 tttrrttttttrtt

97 4177 202 4217 acmen
220 4163 332 4242 tropitae
349 4164 472 4218 Latinae
488 4166 618 4220 addicere
635 4182 692 4220 aaa
713 4185 799 4222 ausas
821 4185 881 4221 sam
967 4171 1017 4222 aut
1034 4186 1128 4223 arcere
1147 4176 1167 4220 T

98 4238 136 4285 23
153 4231 288 4298 mysterio
308 4231 369 4285 edd.
430 4232 593 4302 aligenosT
650 4235 838 4289 attellanam
857 4242 877 4287 T
895 4236 937 4290 tui
956 4245 975 4289 T
996 4237 1136 4305 Getsqq:
1158 4238 1246 4292 uestri

98 4298 169 4354 Jar.
188 4301 214 4353 2.
234 4315 289 4368 sqq.
358 4306 391 4355 28
409 4301 600 4354 mendacusT
