2970 5122
521 405 703 455 sunniam
725 408 878 456 nnnnrro
900 397 952 460 48.

604 610 800 677 RELATIO
821 611 873 675 48.

252 730 350 796 Oerta
365 731 475 795 officia
492 740 568 795 sunt
583 732 724 795 omnium
736 741 945 816 potestatum.
978 733 1203 819 praefecturae
1213 733 1312 798 urba·

166 854 227 897 nae
242 834 408 919 proprium
423 835 594 917 negotium
608 842 668 915 est,
685 843 871 898 senatorum
886 836 956 898 iura
969 836 1080 916 tutari,
1098 835 1176 899 ddd.
1188 838 1312 923 imppp.

167 957 267 1022 quare
296 937 439 1021 partium
468 956 612 999 mearum
635 948 815 1002 conuentus
838 938 1034 1002 necessitate
1056 937 1312 1022 allegationibus
1346 1009 1351 1016 χ

166 1038 419 1103 clarissimorum
453 1039 596 1102 uirorum
627 1040 715 1103 iusta
741 1040 945 1126 poscentium
972 1039 1087 1105 deesse
1114 1063 1178 1105 non
1207 1045 1339 1128 potuis

165 1165 185 1205 a
208 1141 326 1228 quibus
349 1139 658 1227 pleraque-'seruitia
680 1141 845 1225 palatinus
867 1142 1030 1209 Eusebius
1054 1146 1162 1208 iussus
1186 1165 1311 1229 eruere,

165 1255 202 1309 ut
223 1245 382 1309 bonorum
406 1241 515 1307 Catuli
539 1243 739 1306 clarissimae
755 1245 928 1332 memoriae
942 1245 1008 1311 uiri
1023 1248 1169 1332 quaestio
1185 1246 1311 1312 iudica-

165 1347 310 1412 tionibus
334 1346 500 1432 sacrisque
516 1345 680 1429 responsis
696 1356 887 1431 consumpta
901 1357 1079 1434 repetatur,
1102 1350 1312 1435 optimatium

131 1474 147 1520 ⁴2
166 1450 397 1536 querimonias,
421 1445 615 1534 quidudum
632 1446 914 1533 partisfruuntur,
938 1452 1072 1515 exciuit.
1109 1460 1241 1516 uentum
1261 1461 1312 1516 est

163 1553 263 1636 igitur
284 1551 326 1615 ad
348 1552 437 1636 leges
459 1559 633 1615 executore
648 1550 811 1635 cupiente,
833 1572 930 1637 quem
946 1553 1159 1617 contradictio
1174 1553 1310 1640 repelle·
1326 1578 1351 1616 10

163 1655 232 1738 bat,
255 1654 502 1741 inplorataeque
524 1654 626 1719 uestri
646 1652 788 1717 numinis
804 1654 1000 1737 sanctiones,
1025 1676 1107 1741 quae
1123 1664 1311 1721 senatorum

165 1759 404 1823 controuersias
434 1753 606 1820 transferri
630 1754 672 1818 ab
694 1754 820 1819 urbano
843 1756 914 1822 foro
936 1755 979 1820 ad
1001 1758 1175 1843 peregrina
1197 1768 1311 1824 uetue-

163 1870 249 1924 runt.
294 1863 350 1923 sed
382 1880 455 1923 eum
485 1878 664 1923 assererem
692 1857 829 1922 eandem
857 1859 1119 1944 praerogatiuam
1150 1882 1222 1924 esse
1245 1883 1312 1925 ser·

163 1985 291 2044 uorum,
315 1961 433 2049 quibus
450 1959 709 2048 supplicantibus
726 1969 850 2025 eertum
865 1963 1050 2048 perennitas
1065 1963 1312 2051 uestraodetulit

165 2066 376 2151 cognitorem,
399 2085 591 2148 responsum
614 2072 674 2144 est,
699 2062 786 2148 quod
801 2065 948 2129 fortunas
965 2063 1220 2129 clarissimarum
1235 2089 1310 2153 per·
1325 2084 1349 2123 1⁶

131 2195 146 2242 3
165 2192 317 2234 sonarum
339 2167 483 2255 precatio
507 2164 636 2246 subtilis
659 2167 839 2259 incesserit.
873 2168 957 2231 inter
971 2166 1052 2232 haec
1066 2190 1140 2233 cum
1156 2167 1310 2235 Donatus

163 2273 332 2337 assisteret
350 2271 467 2335 ceteris
487 2268 711 2354 precatoribus
732 2290 825 2334 sacro
840 2270 970 2333 iunctus
986 2258 1126 2354 oraculo,
1148 2274 1310 2357 quaesiui,

163 2384 200 2440 ut
214 2395 284 2439 mos
301 2382 360 2455 est,
383 2393 424 2437 ne
437 2372 550 2436 eodem
564 2372 696 2437 nomine
717 2371 802 2437 alius
818 2370 1025 2457 subderetur,
1048 2395 1131 2459 quae
1146 2374 1311 2441 hominem

165 2477 312 2544 condicio
340 2475 491 2557 haberet,
523 2483 555 2538 et
583 2497 625 2539 an
651 2475 722 2560 ipse
745 2474 785 2538 de
808 2473 917 2540 Catuli
940 2473 1061 2541 iudicio
1083 2475 1309 2563 supplicasset.

164 2592 243 2646 tuno
265 2578 321 2641 ille
335 2577 499 2642 Hilariani
521 2574 695 2641 clarissimi
715 2577 780 2640 uiri
793 2598 924 2642 seruum
939 2577 1104 2664 professus
1119 2579 1162 2643 ab
1176 2579 1309 2646 illarum
1321 2605 1346 2645 20

165 2683 380 2763 conscientia,
411 2702 491 2765 quas
514 2679 636 2745 dicitur
657 2678 816 2753 obtulisse
839 2702 913 2745 cum
940 2682 1073 2764 ceteris,
1103 2680 1245 2748 alienum
1273 2706 1310 2749 se

164 2794 350 2851 constanter
378 2784 528 2849 asseruit.
572 2791 670 2868 atque
697 2783 745 2848 ita
771 2783 844 2849 uisa
872 2794 923 2849 est
950 2782 1198 2871 supplicationis
1226 2785 1309 2852 fides

130 2891 261 2953 tetiam
291 2888 332 2952 de
359 2895 492 2951 auctore
518 2894 644 2950 nutare.
688 2885 816 2970 adiecta
843 2895 920 2951 sunt
947 2886 1012 2951 alia
1039 2887 1134 2974 plena
1160 2888 1240 2952 iuris
1270 2911 1310 2954 ac

148 2991 315 3071 rationis,
345 2989 432 3075 quod
454 2997 530 3075 post
550 2989 680 3053 crebras
704 2990 905 3074 cognitiones
928 2999 960 3054 et
981 2991 1140 3074 rescripta
1162 2991 1203 3054 ad
1225 2989 1308 3056 rela-

164 3181 392 3190 ...nm——

232 3296 282 3350 rel.
294 3301 335 3350 48.
357 3294 416 3347 Jur.
428 3298 469 3346 62.
487 3290 551 3348 Par.
565 3297 606 3346 69.
660 3300 673 3346 1
689 3292 722 3347 D.
735 3294 893 3349 Theodosio
911 3311 1030 3366 semper⁸
1038 3298 1110 3365 Aug.
1123 3293 1308 3364 Symmachus

59 3424 63 3432 ,
164 3363 256 3423 Praef.
273 3362 341 3417 Urb.
360 3362 421 3416 edd.
500 3367 720 3430 3negocrumT
800 3361 832 3418 D.
846 3362 1011 3431 Imperator.
1029 3364 1090 3418 edd.
1170 3368 1309 3420 asenna

165 3438 185 3483 1.·
254 3437 270 3485 8
289 3429 481 3484 consummata
499 3429 561 3483 cdd.
579 3429 613 3494 cf.
635 3428 664 3482 0.
685 3428 733 3483 Tb.
752 3431 795 3495 11,
812 3433 857 3496 30,
874 3433 916 3488 37.
984 3431 1151 3500 optimatum
1166 3432 1307 3500 querimo-

165 3500 225 3552 nias
246 3499 305 3552 Gel.
329 3508 384 3566 sqq.
408 3497 496 3565 queri.
519 3495 588 3564 opti.
628 3496 693 3550 Jur.
713 3499 739 3550 2.
757 3513 812 3565 sqq.
882 3506 1020 3552 sexam.
1058 3499 1207 3553 Tuendum
1226 3502 1308 3554 estu

234 3574 266 3620 10
284 3583 381 3634 quem:
401 3569 492 3634 quae?
563 3569 592 3616 11
617 3565 802 3684 mploteq3'r
870 3572 1024 3618 numrns'l'
1100 3573 1131 3620 12
1153 3568 1307 3643 transferre

166 3634 226 3688 cdd.
297 3641 328 3688 13
346 3648 498 3688 assererem
516 3647 572 3684 non
591 3647 643 3685 ean
665 3648 710 3686 em
728 3633 789 3685 edd.
808 3631 986 3702 Symmachus
997 3634 1154 3702 respondet,
1172 3643 1234 3689 cunt
1251 3650 1308 3690 ser-

164 3703 210 3757 uis
231 3703 303 3768 iltis,
330 3702 379 3769 qui
403 3700 645 3767 supplicauerunt,
671 3700 787 3766 spectati
813 3716 891 3754 sucro
912 3702 1043 3770 rescripto
1068 3707 1160 3757 certus
1183 3704 1310 3772 cognitor

166 3769 370 3838 (porouincialis)
394 3767 560 3822 constitutus
581 3767 630 3832 sit,
653 3769 711 3821 tarn
728 3769 944 3838 praeropatu'uac
961 3771 1163 3838 praeropatu'ua
1180 3772 1308 3838 opposite

166 3838 211 3906 (cf.
235 3838 264 3894 C.
283 3837 333 3892 Th.
359 3844 397 3902 11,
420 3843 461 3901 30,
487 3841 517 3888 18
541 3850 575 3888 ex
617 3836 796 3905 raerogatiua
821 3835 907 3889 rescri
927 3836 960 3904 ti)
980 3838 1107 3905 praescri
1126 3838 1265 3906 tionernf
1304 3841 1309 3852 “

165 3920 222 3959 non
242 3911 323 3959 stare.
363 3911 480 3959 ceterum
501 3903 590 3981 seruetn
647 3920 695 3957 um
716 3909 874 3958 senatorum
894 3854 1003 3959 diuersi
1023 3907 1058 3960 ab
1075 3906 1133 3959 ilis
1150 3911 1231 3970 sunt,
1257 3909 1309 3976 qui

166 3973 258 4028 delata
269 3973 472 4040 supplicatione
484 3971 651 4038 quaestionis
662 3971 923 4040 redintcprntionnn
934 3979 1100 4028 manarunt.
1129 3975 1203 4041 quod
1214 3980 1308 4029 autem

96 4065 99 4071 ·
165 4041 230 4096 dur.
252 4044 279 4095 2.
301 4041 402 4094 collata
424 4044 507 4094 const.
530 4043 546 4090 1
567 4037 596 4091 0.
616 4038 645 4091 J.
667 4044 693 4105 1,
716 4044 749 4093 19
771 4042 809 4105 (a.
831 4041 895 4108 290)
921 4056 1016 4095 seruos
1041 4041 1197 4108 offerendae
1213 4044 1308 4109 precis

165 4125 279 4176 capaces
296 4108 383 4175 fuisse
399 4112 495 4176 nepot,
513 4105 553 4159 tbi
570 4106 672 4174 lepitur
689 4106 768 4160 ‘licet
784 4107 893 4160 seruilis
911 4108 1035 4162 conditio
1054 4109 1224 4164 deferendae
1242 4128 1307 4179 pre·

166 4178 204 4231 cis
220 4181 298 4229 tasilo
316 4192 405 4244 capax
422 4191 479 4227 non
497 4173 557 4238 sit’,
577 4179 601 4226 et
619 4179 701 4228 const.
722 4179 739 4228 6
757 4178 793 4239 (a.
806 4178 869 4240 416)
889 4184 917 4229 ‘a
933 4192 1100 4244 quocunque
1117 4177 1225 4231 liberae
1242 4194 1307 4233 con-

165 4245 280 4298 ditionis
302 4244 454 4297 constituto
477 4241 524 4294 uel
545 4258 620 4294 semo
637 4247 795 4306 supplicante
812 4242 995 4310 impetratum
1012 4244 1099 4296 fuerit
1116 4245 1306 4314 rescriptum’.

238 4319 269 4366 16
287 4312 440 4365 incesseret
458 4309 537 4363 Goth.
555 4309 594 4361 ad
613 4309 644 4367 0.
663 4310 712 4366 Th,
730 4315 756 4376 9,
774 4315 800 4378 1,
819 4313 860 4362 14.
948 4316 978 4364 18
1000 4311 1042 4363 uti
1060 4311 1121 4364 cdd.
1204 4313 1306 4367 eodem
1345 4316 1349 4324 ⁴

163 4396 199 4434 ne
219 4381 279 4433 edd.
347 4379 418 4432 alrus
434 4378 526 4431 serbus
544 4376 695 4430 dereturu
764 4385 797 4432 20
813 4378 924 4437 illarum
942 4395 1056 4446 precum
1076 4380 1137 4433 cdd.
1207 4387 1241 4436 23
1258 4382 1324 4445 ad,

164 4449 238 4502 iecta
255 4450 298 4501 est
316 4448 377 4502 cdd.
416 4522 423 4537 ,
448 4453 481 4501 23
499 4447 528 4499 ab
545 4448 662 4500 rat1on1s
680 4453 699 4498 Τ
714 4448 799 4515 atque
817 4447 868 4506 rat,
887 4446 948 4500 edu.

624 4709 637 4739 b
