2970 5122
163 380 203 444 10
269 374 271 378 ’
527 394 707 445 srnnncnr
730 394 883 443 aanarro
906 387 936 443 3.

161 555 234 598 cum
261 533 381 620 populo
411 541 443 597 et
469 532 654 616 uirginibus
685 535 786 599 sacris
816 529 998 599 communis
1032 542 1119 597 asset
1153 535 1305 598 annona?

161 634 409 700 commendabat
443 636 528 700 enim
562 645 723 701 terrarum
756 645 950 722 prouentum
983 636 1088 701 uictus
1121 636 1305 700 antistitum

162 747 195 803 et
209 738 388 804 remedium
404 738 508 824 magis
525 761 622 824 quam
636 737 772 824 largitas
789 747 867 804 erat.
891 762 932 804 an
949 739 1159 819 dubiumst,
1177 759 1306 825 semper

162 863 219 926 pro
242 841 336 926 copia
358 843 501 905 omnium
524 841 652 922 datum,
677 841 765 928 quod
787 863 872 905 nunc
894 842 1006 928 inopia
1030 841 1173 906 omnium
1194 840 1303 905 uindi-

111 959 142 1009 18
160 942 272 1008 cauit?
316 942 403 1009 dicet
425 943 543 1029 aliquis
571 953 737 1029 sumptum
764 943 932 1029 publicum
959 945 1155 1029 denegatum
1177 942 1332 1008 alienaea

159 1045 327 1130 religionis
349 1046 533 1133 impendiis.
570 1044 657 1111 absit
679 1046 808 1112 abonis
831 1047 1034 1133 principibus
1049 1047 1115 1111 ista
1129 1034 1304 1129 sententia,

160 1157 211 1229 ut,
235 1148 322 1234 quod
345 1148 421 1213 olim
443 1148 485 1213 de
508 1149 669 1213 communi
692 1149 888 1234 quibusdam
904 1149 1062 1214 tributum
1086 1158 1153 1231 est,
1176 1149 1210 1212 in
1232 1149 1305 1213 iure

160 1252 230 1316 fisci
247 1273 317 1316 esse
340 1250 501 1318 uideatur.
539 1273 613 1315 nam
629 1274 703 1316 cum
726 1252 923 1339 respublica
945 1251 986 1316 de
1002 1251 1141 1337 singulis
1163 1258 1303 1332 constet,

160 1354 248 1440 quod
275 1353 318 1418 ab
347 1376 386 1418 ca
412 1343 649 1447 proficiscitur,
682 1355 720 1418 fit
747 1376 860 1418 rursus
887 1354 1055 1440 proprium
1090 1353 1304 1439 singulorum.

160 1457 268 1521 omnia
281 1458 425 1541 regitis,
455 1457 513 1521 sed
537 1479 631 1521 suum
653 1456 772 1542 cuique
795 1459 950 1538 seruatis,
974 1455 1111 1543 plusque
1133 1458 1220 1542 apud
1243 1480 1304 1522 uos
1320 1480 1343 1518 ιο

159 1558 287 1624 iustitia
314 1580 411 1645 quam
440 1558 573 1624 licentia
600 1558 699 1623 ualet.
749 1558 908 1626 consulite
935 1568 1023 1624 certe
1047 1559 1303 1623 munificentiam

159 1670 321 1744 uestram,
355 1684 396 1726 an
425 1662 530 1726 adhuc
558 1660 690 1749 publica
718 1661 799 1727 uelit
827 1662 1009 1727 existimari
1041 1684 1125 1748 quae
1158 1664 1192 1726 in
1220 1661 1305 1727 alios

159 1763 383 1830 transtulistis,
428 1765 526 1828 semel
550 1764 666 1830 honori
689 1764 779 1829 urbis
802 1762 912 1829 delata
934 1763 1126 1851 compendia
1148 1765 1306 1829 desinunt

161 1890 232 1932 csse
258 1867 487 1948 tribuentium,
516 1876 549 1932 et
577 1867 665 1953 quod
693 1890 713 1931 a
734 1867 894 1954 principio
923 1867 1118 1933 beneficium
1147 1867 1212 1931 fuit
1239 1889 1304 1931 usu

110 1990 140 2038 19
159 1980 257 2058 atque
279 1979 385 2035 aetate
407 1971 445 2034 fit
465 1969 624 2036 debitum.
661 1971 791 2034 inanem
810 1970 911 2055 igitur
925 1980 1048 2036 metum
1064 1970 1176 2036 diuino
1192 1971 1302 2036 animo
1317 1999 1342 2040 15

158 2082 268 2139 uestro
295 2081 435 2158 temptat
462 2074 607 2139 incutere
614 2107 626 2155 ,-
658 2074 687 2137 si
721 2074 792 2159 quis
827 2072 944 2137 asserit
978 2074 1208 2138 conscientiam
1243 2093 1303 2138 uos

159 2174 279 2240 habere
301 2175 544 2261 praebentium,
572 2176 638 2240 nisi
665 2175 907 2240 detrahentium
936 2175 1102 2242 subieritis
1130 2177 1301 2242 inuidiam.

158 2278 293 2367 faueant
306 2277 500 2344 clementiae
514 2288 644 2344 uestrae
660 2288 820 2344 sectarum
836 2279 979 2343 omnium
996 2299 1113 2343 arcana
1130 2279 1303 2366 praesidia

160 2380 294 2446 ethaeo
316 2382 473 2463 maxime,
502 2404 585 2468 quae
614 2383 752 2447 maiores
780 2391 905 2448 uestros
934 2382 1109 2467 aliquando
1136 2383 1303 2463 iuuerunt,

158 2505 216 2547 uos
245 2482 438 2567 defendant,
473 2508 493 2548 a
519 2485 612 2550 nobis
641 2484 800 2551 colantur.
852 2507 925 2550 eum
956 2485 1149 2569 religionum
1176 2492 1299 2548 statum
1314 2515 1339 2554 so

159 2586 315 2673 petimus,
338 2589 394 2672 qui
417 2587 493 2652 diuo
516 2589 644 2675 parenti
665 2566 807 2653 numinis
830 2589 932 2652 uestri
954 2587 1099 2653 seruauit
1114 2588 1300 2674 imperium,

106 2710 140 2757 2ο
158 2689 214 2774 qui
229 2686 395 2754 fortunato
407 2691 548 2778 principi
563 2690 726 2776 legitimos
743 2691 871 2757 suffecit
883 2690 1030 2756 heredes.
1054 2697 1181 2777 spectat
1192 2689 1303 2754 senior

156 2790 211 2854 ille
240 2792 337 2857 diuus
366 2814 409 2857 ex
437 2814 513 2857 arce
545 2791 673 2857 siderea
706 2793 854 2858 lacrimas
881 2793 1086 2860 sacerdotum
1115 2801 1148 2856 et
1174 2813 1208 2856 se
1232 2791 1302 2856 cul·

156 2892 270 2982 patum
285 2903 382 2981 putat
402 2917 491 2962 more
505 2896 644 2978 uiolato,
668 2916 764 2980 quem
783 2893 923 2977 libenter
937 2897 1009 2982 ipse
1024 2896 1176 2960 seruauit.
1205 2917 1301 2982 prae-

157 3006 241 3063 state
272 2999 371 3064 etiam
399 2998 475 3063 diuo
505 2998 600 3064 fratri
633 3006 743 3063 uestro
771 2999 869 3063 alieni
898 2996 1025 3063 consilii
1053 2999 1299 3080 correctionem,
1314 3023 1341 3063 as

157 3101 260 3186 tegite
282 3100 420 3181 factum,
450 3100 540 3186 quod
564 3102 691 3166 senatui
713 3099 920 3187 displicuisse
941 3101 1089 3166 nesciuit.
1136 3100 1300 3186 siquidem

158 3212 285 3269 constat
307 3201 381 3267 ideo
403 3203 570 3268 exclusam
586 3202 796 3288 legationem,
819 3226 860 3268 ne
875 3203 917 3268 ad
933 3226 1007 3268 eum
1022 3202 1178 3268 iudicium
1194 3203 1301 3290 publi·

157 3330 230 3372 cum
246 3307 445 3393 perueniret.
482 3328 541 3391 pro
556 3302 799 3372 existimatione
815 3317 865 3372 est
886 3315 1068 3392 temporum
1084 3305 1300 3391 superiorum,

156 3418 194 3474 ut
214 3431 280 3474 non
303 3407 461 3473 dubitetis
482 3408 628 3491 abolere,
651 3409 739 3495 quod
762 3408 966 3497 probandum
989 3415 1040 3473 est
1061 3407 1301 3493 principisnon

156 3511 271 3576 fuisse.

224 3739 239 3785 2
275 3733 430 3800 prouentus
452 3730 513 3785 edd.
583 3737 598 3786 5
621 3731 788 3801 alrgenaor
858 3732 958 3786 tolim
976 3747 1026 3786 om.
1048 3731 1110 3790 edd.
1180 3734 1300 3802 8rp·'r

226 3806 257 3852 lo
269 3799 331 3855 scd:
351 3799 373 3851 si
394 3799 453 3856 Gal.
471 3798 535 3856 Jor.
553 3804 578 3857 1.
597 3799 671 3854 Lect.
758 3805 788 3853 12
801 3800 893 3853 adhuc
911 3807 943 3855 1⁸:
963 3799 1032 3853 haee
1051 3799 1112 3856 edd.
1195 3801 1299 3854 17112-

156 3868 323 3921 hentrumt'
416 3873 447 3921 18
474 3868 596 3920 archana
620 3872 639 3919 Τ
667 3930 671 3935 ,
729 3873 760 3920 21
788 3867 910 3920 numinis
936 3874 968 3919 ¹1³:
996 3866 1125 3919 culminis
1151 3867 1212 3923 edd.

157 3935 318 3990 saruabrt'l·
386 3941 418 3988 22
442 3935 477 3999 ef.
498 3934 528 3988 0.
547 3933 596 3988 Tb.
614 3939 639 3999 9,
657 3939 701 4000 16,
723 3940 740 3989 9
762 3941 787 3990 et
805 3935 905 3990 ibidem
925 3935 1004 3991 Gotb.
1073 3935 1192 4002 syderea
1209 3942 1228 3989 Τ

156 4002 369 4124 {limam
449 4008 482 4055 28
505 4022 522 4070 p
540 4003 746 4057 existimatione
766 4010 785 4075 1
804 4006 878 4072 (pro)
900 4002 991 4071 scrop.
1008 4017 1077 4070 squ:
1101 4003 1298 4057 aestimatione

184 4086 218 4126 e,·
231 4086 288 4140 sqq.
1271 4106 1276 4121 2
