2970 5122
260 364 300 428 14
603 380 784 428 sununcnr
805 380 958 453 aninmo
980 371 1012 428 7.
1035 371 1065 428 8.

258 525 415 598 quantum
436 515 585 580 ueritatis
609 525 659 580 est
681 515 817 598 bonum,
846 518 938 580 cuius
967 515 1093 602 species
1122 522 1155 577 et
1176 515 1284 598 imago
1306 513 1405 576 mira-

224 616 333 684 abilis
360 618 424 681 est!
468 639 532 702 ago
561 618 663 702 igitur
690 629 788 706 atque
814 618 919 684 habeo
947 621 1070 704 gratias
1098 626 1130 681 et
1156 638 1263 680 meam
1286 616 1405 699 uicem,

257 720 314 806 qui
342 719 500 785 soluendo
527 742 592 784 non
620 743 708 804 sum,
736 720 931 785 caelestibus
956 718 1070 804 delego
1092 719 1282 784 uirtutibus.
1328 717 1406 783 illae

258 821 464 886 clementiam
485 832 631 888 uestram
646 824 753 908 dignis
769 823 977 910 processibus
992 830 1214 886 munerentur.
1250 842 1309 886 uos
1324 820 1406 886 coli-

257 947 346 1006 mus,
379 946 439 989 nos
467 946 629 1009 amamus,
663 924 751 1010 quod
779 926 871 991 scitis
900 925 1050 991 omnibus
1084 925 1182 990 rebus
1211 943 1282 988 esse
1309 937 1431 1009 prae-⁵

258 1027 409 1091 stantius.
448 1028 506 1113 qui
527 1028 602 1093 ideo
626 1028 812 1093 salutariter
833 1050 902 1093 rem
924 1027 1087 1115 publicam
1110 1028 1242 1112 regitis,
1264 1035 1302 1090 ut
1323 1026 1407 1091 haec

258 1131 328 1194 sola
348 1130 549 1195 mereamini.
1205 1113 1216 1136 ⁰

700 1318 902 1384 RELATIO
925 1320 955 1383 8.

343 1435 485 1500 DDNN.
509 1435 740 1502 Theodosio
764 1447 801 1502 et
822 1438 998 1503 Arcadio
1020 1458 1172 1523 semper
1193 1437 1321 1520 Augg.

439 1539 701 1624 Symmachus
724 1562 756 1603 u.
782 1561 808 1604 c.
832 1539 1071 1626 praefectus
1093 1539 1220 1605 urbis.
1416 1568 1443 1606 ro

344 1691 499 1756 Omnium
520 1691 768 1774 beneficiorum,
797 1714 881 1780 quae
902 1694 1018 1759 tribuit
1037 1693 1149 1778 potior
1175 1690 1307 1757 fortuna
1325 1693 1403 1757 sub-

258 1794 370 1875 iectis,
394 1804 484 1870 certa
506 1805 582 1859 sunt
604 1805 767 1882 tempora,
791 1795 916 1861 domini
938 1796 1159 1882 imperatores.
1198 1792 1287 1859 solae
1302 1793 1404 1879 leges,

257 1919 340 1982 quae
373 1897 408 1959 in
440 1897 561 1961 bonum
595 1920 764 1962 commune
797 1899 993 1984 procedunt,
1026 1918 1202 1983 numquam
1232 1898 1404 1981 patiuntur

257 2020 417 2063 occasum.
454 2000 523 2084 agit
545 2001 646 2085 igitur
668 1999 790 2064 diuinis
806 2002 1027 2066 sanctionibus
1049 2001 1169 2064 uestris
1184 2002 1305 2083 gratias
1321 2001 1402 2063 ordo
1463 2005 1466 2009 ’

152 2171 154 2175 ⁴
203 2101 205 2104 ⁴
256 2101 456 2166 reuerendus
470 2104 568 2166 etiam
584 2105 714 2168 nomine
726 2112 938 2189 posterorum,
955 2101 1074 2189 quibus
1086 2124 1137 2167 res
1151 2101 1283 2187 publica
1295 2123 1401 2166 emen·
1417 2129 1441 2166 15

257 2202 334 2270 data
356 2197 513 2269 tradetur.
550 2227 624 2268 nanr
648 2227 720 2269 cum
743 2204 840 2270 foeda
862 2207 996 2271 iactatio
1019 2204 1199 2278 senatorias
1216 2205 1402 2269 functiones

256 2306 411 2391 grauibus
439 2307 604 2394 inpendiis
628 2309 807 2392 obruisset,
834 2307 979 2373 moribus
1007 2316 1040 2370 et
1068 2307 1252 2392 sumptibus
1279 2306 1402 2371 nostris

257 2411 428 2475 sanitatem
451 2419 594 2477 ueterem
616 2410 825 2492 reddidistis,
853 2434 894 2476 ne
915 2419 973 2475 aut
993 2410 1134 2498 impares
1156 2407 1313 2474 facultate
1337 2407 1400 2476 col-

172 2504 175 2508 *
257 2512 346 2598 legas
369 2514 474 2577 tenuis
497 2511 698 2577 decoloraret
728 2511 827 2577 editio
856 2523 913 2578 aut
940 2534 998 2599 per
1019 2510 1250 2576 uerecundiam
1271 2511 1400 2576 uiribus

222 2631 237 2678 2
256 2615 380 2678 maiora
402 2624 534 2679 conatos
558 2616 671 2679 effusio
687 2615 872 2681 inconsulta
887 2615 1099 2700 demergeret.
1137 2613 1283 2679 eiusdem
1306 2636 1399 2697 prae·
1414 2637 1439 2675 so

255 2727 345 2782 terea
376 2717 532 2782 orationis
566 2716 759 2796 salubritate
792 2731 885 2784 uetus
922 2717 1131 2784 dicendarum
1162 2717 1401 2785 sententiarum

255 2821 360 2885 forma
386 2831 538 2908 reparata
567 2830 631 2902 est,
666 2843 706 2885 ne
737 2843 897 2886 summum
926 2821 1043 2906 cuique
1070 2818 1261 2889 decernendi
1292 2818 1400 2886 locum

255 2945 319 2987 non
341 2924 425 2988 ratio
448 2943 618 2988 munerum
651 2921 709 2986 sed
736 2924 894 2990 bonorum
922 2923 1054 2989 fortuna
1075 2933 1271 3009 praestaret,
1300 2932 1399 3011 atque

255 3025 290 3089 id
306 3023 458 3089 'assensio
481 3035 662 3089 ceterorum
677 3022 730 3088 uel
744 3026 849 3093 inuita
863 3036 1070 3112 sequeretur,
1093 3024 1181 3111 quod
1194 3035 1270 3090 ante
1285 3048 1398 3093 omnes

254 3128 382 3193 felicior
408 3129 599 3193 censuisset.
648 3128 809 3191 credimus
838 3129 940 3213 igitur
966 3127 1017 3193 his
1040 3129 1174 3195 remotis
1196 3127 1239 3193 ad
1260 3149 1398 3213 regnum
1412 3147 1438 3186 rs

255 3253 349 3295 suum
377 3228 502 3312 redisse
530 3230 681 3293 uirtutes:
710 3229 744 3291 in
767 3229 965 3296 editionibus
987 3231 1201 3316 parsimonia,
1225 3232 1260 3294 in
1283 3241 1398 3296 senatu

255 3335 334 3400 ordo
355 3333 567 3413 retinebitur,
596 3352 656 3394 nec
686 3353 720 3396 se
748 3332 925 3396 ostentabit
951 3330 1117 3419 opulentia
1147 3354 1274 3420 semper
1302 3332 1398 3402 bonis

220 3433 385 3505 tinfirma
406 3433 618 3521 temporibus.
668 3443 817 3520 superest
844 3443 881 3499 ut
909 3455 963 3518 ea,
993 3457 1076 3520 quae
1103 3437 1260 3501 serenitas
1289 3444 1398 3503 uestra

254 3536 402 3625 patribus
432 3535 643 3601 deliberanda
670 3533 809 3620 legauit,
844 3538 974 3621 cognito
1004 3547 1136 3602 senatus
1163 3534 1311 3604 consulto
1340 3535 1397 3602 lex

254 3650 394 3722 augusta
426 3638 604 3703 confirmet.
658 3635 747 3703 nullo
777 3639 863 3701 enim
891 3640 1103 3704 dissentiente
1136 3641 1303 3705 decretum
1335 3648 1395 3721 est,
1409 3654 1436 3694 ³0

305 3882 336 3956 ¹1
354 3874 460 3927 ueritas
478 3875 551 3929 Lect.
569 3878 595 3928 2.
614 3878 638 3929 3.
656 3876 725 3946 Par,¹
749 3873 840 3945 Winy.
909 3883 925 3930 3
944 3875 1078 3931 soluendo
1096 3893 1148 3945 par
1161 3881 1220 3930 'non
1239 3877 1301 3931 cdd.

254 3950 269 3996 6
287 3947 405 4074 militm&
426 4009 486 4065 Gel.
497 4017 519 4064 7.
538 4011 597 4064 Jur.
607 4017 647 4064 21.
665 4010 720 4064 Par
739 4016 779 4066 28.
832 4010 880 4064 DE
890 4010 1075 4067 SVSOTPTA
1089 4011 1275 4067 ORATIONE
1289 4009 1395 4076 QVAM

253 4076 326 4132 DNS
344 4076 573 4149 THEODOSIVS
591 4078 730 4133 MISITT
798 4076 912 4132 DDNN.
930 4086 959 4146 T,
977 4078 1037 4139 DD.
1050 4081 1114 4139 edd.
1183 4079 1395 4134 onrehodior
1466 4097 1472 4102 ·

254 4147 348 4225 edd..
383 4163 420 4226 au
440 4148 509 4216 gtT
580 4152 609 4200 11
626 4147 663 4213 ef.
681 4145 859 4227 disibodi}
873 4146 922 4202 Ta.
939 4151 981 4214 15,
999 4153 1024 4210 9,
1042 4153 1067 4203 1.
1138 4155 1169 4203 12
1186 4145 1245 4206 DD.
1265 4147 1340 4226 edd..

254 4215 1143 4340 iddiglttllglcorialrii:Tagl'alblidltioirisa'l'llirisdilratidnispcd'd.
1176 4215 1396 4338 liteiniiiieriiriii

253 4356 273 4401 T
341 4350 480 4404 bonorum
497 4351 571 4406 Lect.
589 4353 616 4403 2.
637 4366 706 4417 squ:
729 4351 865 4402 honorum
884 4356 904 4401 T
924 4350 982 4405 θεῖ.
999 4366 1056 4418 sqq.
1124 4357 1157 4405 24
1175 4352 1296 4405 assent10
1314 4356 1334 4401 T

253 4424 286 4472 30
303 4417 448 4472 decretum
466 4420 510 4470 est
525 4433 575 4470 carr.
594 4417 655 4473 edd.
