2970 5122
164 363 206 427 46
479 378 660 429 srnnscrn
681 379 836 426 nnnsrro
859 370 910 428 33.
933 368 985 428 34.

134 513 404 598 xpossessionem
426 536 595 602 corporum
619 514 829 579 Constantius
853 523 939 578 esset
959 512 1124 600 indeptus.
1166 511 1308 598 allegata

165 615 265 697 igitur
294 615 521 703 praeceptione
544 616 668 680 diuina
681 617 785 703 primo
807 616 1027 701 cognitionem
1049 617 1149 682 totius
1170 617 1306 700 negotii,

165 719 312 802 quamuis
326 719 495 803 speciatim
511 718 590 783 mihi
601 716 848 803 tranquillitatis
863 726 991 782 uestrae
1003 718 1209 802 delegatione
1220 740 1308 783 man-

165 818 291 901 datam,
320 820 383 883 uiri
412 819 584 886 clarissimi
610 820 726 885 uicarii
754 811 955 907 praesentiae
982 822 1159 884 reseruaui.
1210 821 1308 907 siqui·

165 920 239 986 dem
267 920 441 987 uidebatur
468 923 549 986 haec
571 944 668 987 causa
691 924 808 987 ceteris
831 924 1115 1012 prouocationibus
1138 943 1211 986 esse
1233 943 1308 987 con·
1322 942 1352 984 se

164 1023 285 1104 iuncta,
308 1046 391 1109 quae
412 1047 444 1089 u.
468 1047 495 1094 c.
517 1026 750 1109 prodecessore
771 1045 842 1089 meo
865 1024 1069 1109 negabantur
1089 1023 1255 1088 admissae
1277 1033 1310 1087 et

131 1126 306 1190 salterum
340 1148 465 1191 mecum
497 1137 705 1214 sumpserant
736 1127 945 1213 cognitorem.
995 1125 1112 1205 dehinc
1143 1125 1203 1190 ubi
1236 1148 1310 1190 eam

165 1238 308 1314 partem,
337 1250 420 1315 quae
447 1229 490 1293 ad
512 1229 599 1294 illius
622 1230 780 1317 temporis
802 1229 942 1293 iudicem
964 1229 1167 1313 pertinebat,
1198 1238 1309 1293 uestro

165 1331 345 1396 retinuistis
373 1333 539 1414 axamiui,
563 1331 790 1418 appellationis
813 1332 1025 1417 inquisitione
1047 1332 1204 1415 discreta,
1234 1353 1309 1395 cum

165 1434 231 1496 iam
258 1434 449 1520 participem
478 1434 592 1499 iudicii
620 1457 684 1499 non
712 1433 881 1517 haberem,
909 1434 1059 1498 turbatae
1086 1434 1308 1520 possessionis
1321 1453 1352 1490 t

163 1533 329 1619 querelam
362 1522 520 1623 rescripto
553 1537 725 1602 obsecutus
753 1536 873 1601 audiui.
923 1544 956 1599 et
982 1536 1059 1623 quia
1086 1534 1310 1629 Theodosium

164 1636 287 1702 iudicio
317 1659 381 1702 non
403 1638 592 1704 interfuisse
613 1639 801 1721 constabat,
829 1658 893 1723 quo
916 1637 981 1702 sibi
1003 1639 1150 1724 demptas
1172 1646 1309 1724 questus

165 1749 215 1804 est
241 1740 430 1822 facultates,
452 1763 513 1805 nec
538 1740 605 1805 ulla
632 1763 765 1827 precum
792 1740 961 1805 mendacia
982 1739 1194 1806 Constantius
1219 1740 1309 1805 dcte·

166 1843 282 1928 gebat,
306 1851 460 1908 executus
484 1866 556 1908 sum
578 1845 665 1908 circa
686 1865 879 1928 germanum
902 1840 1131 1930 supplicatoris
1154 1841 1310 1909 heredem

166 1944 304 2010 caeleste
331 1946 487 2010 iudicium
517 1946 691 2011 reformato
720 1955 823 2026 statu,
852 1967 951 2031 ,quem
981 1945 1102 2008 claruit
1129 1965 1207 2008 mcx
1233 1968 1308 2031 pro·
1322 1968 1341 2006 n

165 2048 274 2135 posita
294 2045 513 2134 appellatione
535 2048 715 2131 defensum,
738 2046 815 2112 licet
834 2047 941 2112 cultus
957 2046 1107 2112 subditus
1124 2049 1310 2134 quaestioni

166 2148 305 2233 libellos,
321 2172 401 2235 quos
413 2149 618 2216 Theodosius
628 2149 820 2238 publicauit,
835 2150 922 2237 apud
931 2172 966 2215 se
977 2149 1139 2216 resedisse
1149 2170 1309 2215 memora·

165 2254 259 2318 uerit.
271 2252 375 2317 nihilo
387 2253 494 2317 minus
510 2253 687 2319 oboediens
703 2254 859 2340 inparatis
876 2253 986 2335 statui,
999 2259 1036 2316 ut
1046 2251 1128 2316 fides
1140 2261 1310 2336 gestorum

131 2369 146 2418 4
166 2356 369 2442 superiorum
390 2354 432 2418 ad
452 2367 591 2441 augusta
613 2356 734 2450 scrinia
756 2356 947 2420 mitteretur.
984 2355 1061 2420 hinc
1082 2363 1154 2419 orta
1168 2363 1220 2418 est
1234 2376 1310 2441 pro·

166 2458 310 2540 uocatio,
339 2459 429 2522 cuius
457 2456 509 2522 uel
539 2458 666 2523 iustitia
686 2456 740 2522 uel
762 2459 966 2523 contumacia
988 2479 1080 2522 sacro
1103 2456 1349 2542 expendeturao

165 2559 311 2623 arbitrio.
361 2561 485 2624 interea
516 2562 756 2626 constitutionis
788 2583 911 2625 memor
944 2560 1140 2646 sequestrari
1174 2557 1313 2624 mobilia

94 2723 96 2728 .
166 2662 356 2746 fructusque
382 2664 550 2750 praecepi,
579 2687 619 2728 nc
648 2663 930 2749 medii'temporis
959 2662 1126 2748 usurpatio
1154 2660 1313 2728 abutatur

166 2762 333 2829 indebitis.
367 2766 512 2828 omnium
526 2775 691 2850 gestorum
705 2765 771 2830 fida
782 2767 977 2831 documenta
985 2787 1060 2829 cum
1070 2763 1312 2850 supplementis

166 2867 308 2953 partium
341 2867 493 2932 relationi
521 2853 578 2933 ex'
592 2890 680 2934 more
708 2871 834 2935 sociata
861 2877 953 2950 sunt,
986 2876 1024 2931 ut
1050 2865 1108 2930 diu
1135 2865 1313 2932 fluctuanti

166 2990 284 3033 causae
305 2967 437 3032 tandem
460 2970 610 3036 stabilem
632 2973 805 3037 terminum
827 2970 939 3036 diuino
962 2992 1018 3035 ore
1040 2969 1179 3055 ponatis.
1280 2962 1284 2973 ’
1325 2995 1352 3037 as

600 3193 801 3260 RELATIO
823 3193 874 3258 34.
970 3220 973 3225 ¹

252 3319 384 3402 Omnes,
407 3320 463 3406 qui
485 3320 527 3385 ad
548 3321 767 3408 amplissimos
790 3322 948 3385 honorum
969 3319 1089 3404 gradus
1105 3318 1226 3385 iudicio
1244 3319 1311 3384 cle·

168 3422 307 3487 mentiae
322 3431 451 3487 uestrae
466 3421 518 3487 uel
533 3422 645 3488 fauore
656 3423 878 3509 prouehimur,
894 3443 1019 3487 summo
1029 3420 1137 3486 studio
1150 3420 1312 3487 debemus

168 3524 259 3607 eniti,
282 3533 318 3589 ut
335 3525 460 3589 famam
482 3523 604 3589 saeculi
626 3525 872 3610 suggestionum
893 3524 1032 3589 ueritate
1046 3518 1204 3605 tueamur,
1225 3522 1310 3590 ddd'.

168 3628 291 3713 imppp.
339 3625 426 3713 quod
447 3630 531 3692 enim
548 3649 650 3711 genus
665 3628 791 3712 gratiae
805 3626 981 3691 beneficiis·
989 3627 1173 3714 principum
1191 3619 1310 3712 repen·
1327 3643 1352 3682 ω

169 3729 293 3793 dendae
302 3728 433 3795 fortuna
445 3729 550 3815 impar
561 3730 716 3811 inueniet,
725 3731 753 3792 si
765 3729 863 3794 fidem
876 3731 1015 3813 deserat,
1026 3751 1110 3816 quae
1122 3728 1191 3794 sola
1202 3731 1312 3795 munit

238 4000 469 4070 lindemptust'
520 3998 762 4069 spraedecessore
780 4001 842 4055 edd.
861 4001 895 4067 cs.
913 4000 952 4054 ud
969 4003 1049 4064 20,1
1102 4001 1314 4069 tsumpserant

167 4083 230 4146 aas:
248 4069 406 4137 sumpserat
416 4073 436 4118 Τ
431 4072 474 4187 (1ss
486 4067 548 4186 ederi.
601 4073 632 4121 16
650 4069 823 4189 tdefensrppn.
836 4068 925 4189 'meeis
939 4113 945 4123 .
965 4113 971 4126 .
992 4067 1203 4134 memorauerit,
1216 4068 1312 4189 ntirhilc

168 4153 260 4257 gppuss
273 4219 297 4270 q·
351 4142 547 4257 lg3rpumsem
566 4142 654 4258 ‘Mal
674 4152 774 4204 seques
802 4142 881 4189 ant
927 4142 975 4192 eet.
992 4139 1020 4190 2.
1037 4152 1105 4282 sqq,
1131 4150 1232 4204 seques
1263 4153 1313 4282 aul

235 4219 284 4324 rei.
303 4276 344 4324 34.
366 4269 427 4325 Gel.
446 4277 487 4324 33.
511 4270 570 4324 Jur.
587 4276 629 4326 47.
652 4271 714 4326 Par.
726 4277 767 4330 54,
836 4276 868 4324 26
881 4270 942 4326 DD.
955 4270 1112 4325 Theodosio
1125 4273 1155 4324 et
1166 4270 1312 4326 Archadio

168 4354 279 4405 semper
300 4337 344 4389 Au
365 4356 392 4407 g.
416 4337 598 4405 Symmachus
620 4338 711 4393 Praef.
733 4339 801 4393 Urb.
824 4339 885 4393 edd.
966 4345 998 4393 ‘29
1020 4337 1228 4408 D.'Imperator
1246 4340 1312 4399 cdd.

209 4427 213 4434 ·
236 4412 269 4459 30
281 4421 348 4473 repe
380 4406 434 4459 nde
447 4407 560 4459 fortuna
571 4422 663 4475 rmpar
673 4423 755 4476 inpar
767 4414 787 4459 Τ
838 4413 869 4460 31
883 4406 993 4461 muniat
1006 4407 1065 4466 eea.
1077 4405 1142 4462 Jur.
1155 4411 1181 4466 1.
1193 4404 1272 4464 Lect.
1285 4412 1312 4470 1.
