2970 5122
527 377 706 426 srmmoer
728 355 881 427 aunario
904 367 955 425 41.
1270 362 1309 425 57
1360 437 1363 442 ,

173 513 259 577 nuda
281 514 412 578 domino
434 516 640 596 concederet3
664 524 742 579 tunc
756 515 920 593 insinuato
936 536 995 601 per
1007 515 1198 578 rationalem
1214 511 1311 600 patri-

172 616 268 679 monii
285 612 381 681 modo
401 619 605 705 opperiretur
627 619 757 703 petitor,
781 616 860 703 quid
883 618 913 681 ei
936 639 1028 681 sacra
1044 616 1186 681 deferret
1200 617 1311 679 huma·

171 719 265 782 nitas.
304 741 408 784 annus
419 720 492 784 'fere
508 719 668 784 secundus
686 729 745 800 est,
762 730 798 784 ut
813 742 872 805 per
888 719 1073 785 defensores
1091 728 1122 782 et
1137 718 1311 783 rationales
1330 738 1345 784 a

171 823 420 903 augustissimae
437 823 551 887 domus
567 831 680 886 contra
697 823 857 886 iustitiam
878 821 1042 885 sollemnis
1057 820 1180 885 oraculi
1198 822 1312 907 scripti

147 924 349 1008 olatigan'tnr
371 924 518 1008 heredes,
542 925 619 1010 licet
641 925 703 988 iam
727 936 840 990 sextus
864 948 967 988 annus
991 948 1010 987 a
1031 924 1216 989 testamenti
1232 924 1312 987 reci-

172 1027 290 1091 tatione
324 1012 520 1090 numeretur.
574 1027 752 1092 nouissime
785 1029 917 1091 fortuna
949 1048 1066 1091 causae
1098 1024 1312 1110 impetibilem

171 1129 337 1215 scopulum
360 1129 476 1193 foedae
498 1129 695 1213 cognitionis
717 1129 863 1193 incurrit.
902 1152 976 1193 nam
1001 1152 1073 1193 oum
1095 1127 1183 1213 apud
1206 1128 1314 1191 uirum

171 1216 442 1316 perfectissimum
465 1231 656 1296 rationalem
672 1231 865 1296 Bassianum
888 1233 992 1318 primo
1014 1233 1140 1296 delator
1154 1230 1314 1295 bonorum

172 1333 348 1397 seeundum
384 1357 476 1398 sacra
509 1335 591 1398 scita
620 1343 807 1420 poteretur,
841 1355 927 1397 nouo
955 1357 1037 1398 ausu
1067 1333 1192 1397 calcata
1220 1354 1312 1418 prae-

131 1460 157 1497 ro
172 1435 304 1523 scriptio
328 1445 387 1500 est.
425 1437 544 1501 debinc
566 1459 638 1500 cum
661 1439 847 1501 testamenti
869 1437 940 1500 iure
963 1437 1104 1502 confecti
1118 1436 1217 1499 fidem
1232 1438 1312 1499 reci·
1332 1465 1347 1510 3

172 1540 250 1602 tatio
275 1539 467 1624 publicaret,
491 1535 653 1603 calumnia
674 1539 780 1604 inanis
803 1541 931 1605 obieeta
947 1548 1006 1622 est,
1031 1531 1117 1625 qarod
1133 1538 1312 1620 signatores

171 1643 280 1705 neseio
310 1642 389 1727 quid
417 1641 515 1726 legati
540 1664 581 1706 ex
604 1643 716 1707 eadem
740 1642 909 1707 uoluntate
931 1644 1104 1728 cepissent.
1148 1638 1315 1702 adduntur

172 1745 268 1808 etiam
291 1745 451 1830 rescripta
472 1743 605 1828 diualia,
629 1744 747 1830 quibus
771 1744 977 1830 asstipulatio
1001 1743 1170 1808 cuiusdam
1191 1753 1316 1806 remota

173 1856 231 1929 est,
255 1849 310 1933 qui
333 1869 425 1910 suam
445 1847 568 1910 iuuisse
584 1867 715 1910 causam
731 1847 916 1911 testimonio
933 1846 1105 1929 diceretur,
1128 1846 1221 1931 quasi
1237 1868 1314 1909 uero
1406 1888 1407 1891 =

132 1978 158 2016 15
172 1949 278 2014 simile
305 1958 391 2013 esset
419 1947 607 2034 exemplum.
630 1958 688 2012 aut
715 1949 821 2014 tenuis
844 1948 964 2031 honor,
989 1971 1051 2034 quo
1075 1946 1314 2035 subscriptores

170 2052 212 2133 ob
236 2052 413 2115 amicitiam
436 2051 609 2115 defunctus
633 2062 829 2137 asperserat,
852 2052 1034 2136 legitimum
1057 2060 1171 2137 posset
1186 2050 1315 2115 abolere

171 2154 336 2218 iudicium.
371 2177 445 2218 nam
462 2155 489 2219 si
506 2154 557 2218 his
573 2153 701 2238 legibus
717 2156 914 2235 uiueremus,
937 2153 1077 2218 inimicis
1094 2153 1315 2236 signatoribus

172 2257 273 2320 tutius
289 2265 464 2334 uteremur,
487 2278 623 2342 quorum
640 2257 763 2321 offensa
778 2250 859 2321 irihil
875 2257 1086 2321 detestatore
1102 2254 1315 2324 humanitatis

172 2360 329 2443 exigeret.
373 2359 463 2443 piget
486 2359 595 2423 dicere
617 2359 652 2421 in
672 2361 814 2446 quinque
830 2380 963 2423 numero
980 2358 1090 2423 solidis
1107 2358 1313 2442 potissimum
1333 2378 1360 2436 4,

130 2488 159 2524 ao
173 2461 404 2546 subscriptoris
427 2460 530 2525 fuisse
552 2459 707 2544 legatum.
744 2463 860 2526 ceteris
883 2462 970 2525 enim
992 2461 1098 2545 magis
1121 2483 1314 2526 commemo-

172 2563 255 2627 ratio
289 2564 425 2627 honesta
458 2585 553 2649 quam
586 2564 745 2649 pecuniae
773 2573 927 2650 quaestus
955 2563 1120 2626 accessit,
1154 2584 1232 2646 ergo
1259 2572 1316 2640 aut

173 2676 337 2731 extremae
359 2666 560 2751 paupertatis
584 2667 747 2730 successio
770 2666 842 2750 fuit,
867 2667 895 2730 si
910 2675 1043 2751 putatur
1058 2656 1197 2749 exiguus
1213 2665 1316 2730 honor

98 2829 104 2839 ,
172 2767 312 2853 legitimi
339 2768 438 2859 fidem
466 2768 580 2832 iudicii
609 2768 790 2847 sauciasse,
820 2778 877 2832 aut
904 2768 932 2831 si
960 2790 1076 2832 consus
1099 2767 1315 2832 hereditarius

174 2873 380 2937 existimatur
402 2870 544 2950 uberior,
567 2869 674 2934 aliena
696 2879 745 2934 est
767 2893 787 2934 a
810 2870 1046 2956 suspitionibus
1063 2869 1172 2934 breuis
1189 2892 1316 2933 summa

132 2972 284 3056 relegati.
319 2973 392 3060 quis
415 2989 487 3036 non·
502 2971 793 3038 familiarissimum
810 2996 968 3059 quemque
984 2971 1153 3058 signandis
1170 2971 1316 3053 adhibet,

173 3097 246 3138 oum
269 3083 417 3139 extrema
438 3074 646 3140 conduntur?
690 3075 755 3139 iam
779 3076 858 3162 quid
881 3077 999 3139 mirum
1021 3089 1082 3155 ost,
1104 3077 1134 3138 34
1155 3076 1189 3138 in
1212 3074 1315 3140 oculis

172 3177 298 3262 positus
321 3186 484 3241 mereatur
505 3175 638 3263 aliquod
661 3189 905 3243 monumentum
926 3177 1104 3262 religionis,
1128 3178 1183 3262 qui
1199 3177 1316 3240 meun't

173 3279 351 3345 aduocari?
395 3301 460 3342 non
487 3279 557 3343 fero
585 3280 798 3363 signatorem,
831 3281 884 3344 cui
912 3302 987 3366 pars
1009 3279 1174 3344 bonorum
1198 3292 1350 3363 magna5

172 3382 329 3446 defertur.
373 3404 448 3446 nam
477 3382 538 3444 etsi
566 3382 695 3466 integra
712 3383 923 3447 conscientia
958 3404 1023 3445 non
1051 3391 1160 3446 tamen
1189 3383 1315 3446 sincero

132 3517 159 3555 30
173 3484 297 3572 pudore
320 3486 452 3550 ditatur.
489 3492 523 3548 at
544 3506 622 3548 uero
642 3484 724 3550 baec
746 3482 833 3549 leuia
855 3485 991 3570 pignora
1005 3493 1062 3548 aut
1076 3483 1196 3547 amoris
1211 3485 1316 3567 gratia

171 3597 230 3652 aut
257 3588 423 3652 testatoris
451 3575 649 3651 uerecundia
676 3587 913 3673 relinquuntur.
958 3585 1040 3650 nihil
1067 3585 1144 3648 huic
1165 3584 1317 3669 religioni

172 3692 265 3755 nouis
288 3690 417 3774 legibus
440 3689 631 3774 derogatum
655 3697 714 3753 est.
757 3698 867 3753 manet
889 3690 952 3753 iste
973 3710 1051 3752 usus
1074 3696 1107 3751 et
1127 3686 1223 3750 uobis
1245 3688 1317 3750 iura

161 3783 379 3857 *sernentibus
396 3814 537 3878 *semper
563 3793 718 3856 manebit.
763 3813 846 3854 unus
875 3799 908 3854 et
935 3789 1023 3856 solus
1046 3797 1121 3876 post
1142 3788 1316 3852 humanam

243 4071 388 4124 ldomino
407 4071 484 4124 nuda
501 4072 562 4125 cdd.
649 4069 836 4136 2q111doe1T
922 4074 1026 4122 lcum
1044 4067 1153 4122 iustitia
1171 4066 1232 4124 edd

244 4139 420 4207 uphearetT
492 4145 522 4192 12
543 4139 742 4206 eoeprssentT
813 4144 843 4190 13
861 4135 967 4204 scripta
984 4137 1046 4189 edd
1117 4141 1147 4189 15
1166 4137 1265 4189 autT:
1284 4135 1317 4186 ut

173 4145 242 4261 cddp
304 4207 397 4262 suborr
418 4208 493 4260 tores
521 4206 605 4270 (bia
626 4206 694 4271 ναε.)
685 4206 738 4271 )Τ
808 4211 839 4256 16
863 4205 911 4258 ob:
936 4204 1014 4256 abT
1084 4210 1115 4256 19
1134 4202 1236 4255 solidos
1255 4202 1316 4255 edd.

168 4269 172 4272 ’
240 4281 273 4328 23
291 4225 425 4328 fidemle
449 4209 530 4326 timi(
543 4274 605 4332 edd
678 4273 815 4325 sauciasse
834 4272 911 4329 cdd:
937 4287 1054 4325 suasuse
1073 4277 1093 4322 T
1111 4270 1146 4335 cf.
1164 4271 1212 4323 rel.
1231 4272 1316 4334 34,9

241 4348 275 4396 24
293 4344 336 4395 est
353 4359 434 4410 auspr
458 4341 596 4395 ombusT
665 4348 698 4395 ’26
716 4341 740 4392 si
756 4346 841 4420 ρηιΤ
909 4345 942 4392 37
955 4340 1062 4406 positus
1080 4356 1092 4390 s
1110 4353 1183 4392 eam
1196 4309 1317 4392 corldela

173 4415 193 4461 T
263 4409 428 4480 3oleu1aT
497 4416 529 4465 32
547 4409 629 4463 nobis
647 4409 709 4462 ((44.
760 4406 812 4463 33
830 4408 984 4461 humaan
