2970 5122
185 365 222 429 18
489 381 680 430 sruuucrn
702 381 854 429 nnnrrro
879 373 929 430 10.
955 373 1004 451 11,

180 518 303 581 Romae
326 538 455 581 amarus
479 517 520 581 dc
542 541 579 582 eo
602 540 712 582 rumor
733 518 904 603 increpuit,
926 518 1090 606 recusauit
1104 515 1244 604 populus
1263 515 1327 582 soln

180 619 302 684 lemnes
326 619 444 685 theatri
467 619 652 707 uoluptates
675 621 928 705 memoriamque
951 622 1019 684 eius
1035 619 1208 684 inlustrem
1223 618 1329 685 multa

180 722 412 787 acclamatione
435 732 572 787 testatus
595 723 742 806 grauiter
765 723 833 806 egit
847 745 920 785 curn
935 721 1039 785 liuore
1053 722 1216 803 fortunae,
1239 721 1327 808 quod

180 827 245 890 sibi
260 826 457 910 inclytorum
472 826 657 911 principum
672 823 832 888 beneficia
847 824 1044 889 sustulisset.
1076 833 1109 888 et
1124 823 1178 888 ille
1194 824 1328 910 quidem

65 974 69 979 -
181 929 312 993 functus
335 938 386 993 est
407 925 479 1011 lege
500 936 648 1008 naturae,
671 949 731 991 nos
754 949 830 991 uero
854 929 959 991 socios
977 927 1076 990 animi
1092 929 1142 992 sui
1157 928 1352 1014 uestrique⁵

179 1028 294 1094 iudicii
321 1038 411 1094 tanto
439 1027 552 1095 dolore
574 1029 738 1110 confudit,
766 1038 803 1093 ut
824 1029 883 1094 otii
911 1028 1091 1094 remedium
1113 1029 1327 1116 postulemus

147 1148 162 1194 3
180 1132 261 1197 sileo
282 1143 400 1213 cetera,
423 1153 507 1219 quae
521 1154 573 1196 me
589 1155 654 1198 non
669 1133 780 1197 sinunt
794 1131 1030 1218 praefecturam
1048 1131 1132 1196 ferre
1147 1132 1326 1218 patienter:

181 1235 233 1299 uel
266 1234 346 1300 haee
378 1255 443 1297 una
470 1235 631 1299 consortis
660 1235 792 1299 amissio
820 1236 908 1298 iusta
936 1243 985 1298 est
1015 1234 1057 1298 ad
1082 1234 1327 1320 impetrandam

180 1338 397 1403 uacationem.
442 1346 552 1402 ament
573 1336 630 1400 alii
653 1346 826 1422 perpetuas
849 1345 1046 1422 potestates:
1075 1336 1156 1400 mihi
1178 1360 1328 1402 summus

182 1450 231 1505 est
259 1439 385 1506 fructus
413 1438 600 1520 felicitatis,
629 1449 665 1502 ut
691 1460 800 1503 coram
825 1448 968 1503 uestrum
992 1461 1111 1503 numen
1133 1438 1326 1523 aduenerer‚
1341 1449 1363 1488 1⁰

180 1543 308 1607 intuear
322 1541 533 1625 benignitatis
549 1562 641 1605 meae
656 1542 772 1605 sidera.
802 1541 863 1605 boc
878 1565 977 1606 unum
993 1564 1051 1628 pro
1073 1543 1223 1608 omnibus
1242 1565 1328 1629 quae

180 1645 390 1732 praestitistis
412 1651 544 1728 exopto.
579 1641 721 1729 simplex
736 1644 851 1729 petitio
867 1655 917 1708 est
939 1666 998 1710 nec
1019 1646 1107 1709 uiam
1132 1646 1328 1732 capessendi

180 1746 311 1811 honoris
334 1743 475 1808 affectat.
519 1743 619 1807 semel
646 1745 732 1808 enirn
761 1745 877 1810 claruit
912 1747 994 1812 nihil
1021 1745 1111 1811 aliud
1140 1769 1211 1811 esse
1238 1748 1327 1834 quod

181 1850 321 1934 cupiam,
347 1867 420 1910 curn
444 1845 583 1932 supplex
605 1846 782 1911 refuderim
805 1849 1041 1933 magistratum.
1154 1873 1156 1876 ’

615 2290 891 2379 RELATIQII.
1020 2319 1041 2384 J·
1064 2372 1068 2386 Χ
1342 2330 1366 2369 15

213 2443 288 2514 DN'.
311 2442 604 2508 Uale'ntiniano
628 2465 784 2530 semper
805 2447 903 2532 Aug.
927 2446 1184 2534 Symmachus
1208 2469 1240 2510 u.
1264 2469 1295 2510 c.

515 2599 519 2608 .
565 2547 795 2632 praefectus
817 2550 942 2615 urbia.

266 2717 361 2781 Licet
377 2696 657 2782 arbitrerlitteras
675 2739 762 2782 meas
777 2720 900 2783 nuntiis
916 2728 973 2783 aut
987 2738 1116 2783 rumore
1129 2729 1329 2804 praeuentas

144 2861 152 2876 .
183 2858 224 2868 -
239 2819 319 2906 quid
335 2820 421 2882 enim
436 2819 524 2881 fama
539 2829 647 2904 potest
663 2841 734 2883 esse
749 2819 918 2886 uelocius?
936 2859 972 2868 -
990 2820 1121 2885 domine
1134 2823 1327 2907 imperator,

159 2921 244 3008 'ego
271 2933 379 2986 tamen
407 2921 508 2986 officii
535 2920 656 3006 publici
683 2923 875 2987 necessitate
902 2933 1039 3008 cogente
1066 2945 1237 2988 excessum
1262 2925 1327 2989 uiri
1341 2946 1366 2986 ro

183 3025 321 3090 illustris
344 3022 445 3088 crudo
465 3023 571 3088 atlhuc
586 3021 698 3088 dolore
713 3046 778 3087 non
794 3024 884 3090 sileo.
915 3024 1062 3091 Uettium
1079 3026 1329 3092 Praetextatum

184 3126 350 3193 ueteribus
361 3147 473 3212 parem
482 3128 641 3193 uirtutum
654 3129 796 3192 omnium
809 3129 917 3201 uirum
928 3128 998 3193 fata
1008 3138 1187 3215 rapuerunt
1199 3151 1329 3194 summo

184 3231 307 3319 patriae
322 3230 454 3313 gemitu,
471 3230 523 3293 cui
539 3230 638 3293 decus
654 3229 782 3315 insigne
797 3230 995 3316 praestabat.
1026 3233 1119 3296 cuius
1136 3252 1195 3315 ego
1211 3229 1329 3296 laudes

183 3343 216 3399 et
231 3335 317 3398 iusta
332 3332 507 3418 praeconia
521 3332 620 3394 animi
636 3334 896 3397 consternatione
911 3343 1087 3420 praetereo.
1099 3404 1104 3410 ,
1118 3354 1222 3419 neque
1238 3335 1329 3398 enim

183 3434 273 3500 locus
297 3444 346 3499 est
368 3434 558 3521 cuiusquam
581 3435 778 3516 testimonio,
801 3457 874 3510 ¹cum
896 3435 984 3500 vitae
1007 3437 1076 3500 eius
1098 3434 1238 3522 gloriam
1260 3437 1326 3502 cle·
1342 3452 1367 3491 2⁵

184 3540 325 3603 mentiae
357 3547 485 3602 uestrae
519 3535 641 3600 iudicia
667 3545 846 3620 testentur,
879 3547 1015 3602 mortem
1043 3538 1204 3603 celebrem
1233 3539 1331 3603 dolor

183 3642 327 3706 omnium
348 3639 474 3704 fecerit.

253 3943 506 3998 linerebruitectd.
558 3940 754 3998 tbencficium
767 3944 828 3999 edd.
882 3950 996 3998 toont'
1051 3952 1080 3999 11
1099 3963 1193 4001 meae:
1211 3947 1327 4002 uestrae

184 4012 260 4069 Lect.
270 4016 298 4069 2.
310 4016 334 4066 3.
348 4013 416 4068 Par.
433 4011 536 4081 Wiay„
548 4027 642 4065 merae
655 4010 719 4066 Jur.
733 4016 759 4065 2.
814 4013 915 4080 sydera
926 4019 946 4064 Τ
993 4020 1025 4068 13
1037 4015 1125 4068 semel
1136 4020 1169 4067 T:
1183 4014 1252 4068 satis
1264 4017 1327 4070 cdd.

185 4087 217 4135 14
234 4080 386 4149 refugerim
405 4080 481 4135 Lect.
498 4084 525 4133 2.
543 4081 612 4136 Pur.
636 4078 740 4150 Wiay„
757 4081 903 4134 refutarim
922 4080 944 4135 S
964 4083 969 4094 '
1005 4124 1010 4134 .

251 4148 302 4202 rel.
321 4155 359 4208 11.
379 4146 440 4201 Gel.
461 4154 501 4201 10.
518 4146 575 4200 Jur.
595 4153 634 4203 24.
653 4146 715 4201 Par.
735 4155 774 4203 31.
813 4154 843 4202 16
854 4147 903 4201 DE
916 4097 1057 4203 uiliora
1069 4148 1206 4203 Moauls
1215 4148 1328 4219 ΡΒΑΕ-ι

183 4214 381 4270 ΤΕΧΤΑΤΙΤ
467 4213 526 4269 DN.
545 4222 578 4266 r:
597 4213 622 4266 D
641 4215 702 4270 edd.
788 4233 814 4274 u.
833 4233 855 4269 c.
874 4230 924 4272 orn.
944 4217 1005 4273 edd.
1093 4223 1125 4270 18
1143 4216 1253 4270 litteras
1268 4234 1326 4272 me·

182 4284 237 4337 hus
255 4290 287 4350 T,
306 4299 384 4337 meas
401 4282 509 4336 litteras
527 4283 589 4337 edd.
644 4289 674 4337 19
687 4283 808 4337 uelotrus
825 4283 933 4342 donum
944 4287 1160 4354 rmperatorest'
1213 4291 1243 4338 21
1259 4285 1327 4340 Vct

183 4351 255 4405 lium
282 4351 347 4406 Jur.
369 4354 395 4405 2.
418 4354 758 4419 sq.:uec1nmtsnpra
777 4352 871 4420 posita
894 4358 927 4419 T,
949 4352 1080 4406 Vectium
1105 4353 1163 4408 aa.
1181 4367 1238 4421 sqq.

184 4425 218 4474 22
234 4419 327 4472 uirum
344 4433 395 4474 om.
437 4435 479 4473 ar.
498 4421 526 4474 2.
542 4434 598 4486 sqq.
