2970 5122
240 382 284 448 42
313 397 315 401 ⁴
521 397 703 448 sruuacnr
724 397 877 447 aunnrro
901 390 952 448 28.
975 390 1026 449 29.
1050 391 1101 450 3ο.

240 535 384 600 numinis
410 534 513 600 uestri
536 533 668 600 fortuna
690 534 758 600 litis
781 544 944 621 expectat.
989 545 1084 621 gesta
1105 543 1137 600 et
1159 535 1384 623 supplementa

242 637 344 724 partis
371 637 543 722 utriusque
571 636 712 702 subieci:
741 639 859 722 quibus
882 638 1043 703 instructa
1063 639 1252 725 perennitas
1273 648 1384 711 uestra

242 738 392 825 exemplo
423 737 521 803 unius
553 760 672 803 causae
705 740 872 805 securitati
904 740 1046 805 omnium
1078 739 1269 826 dignabitur
1299 761 1384 806 com·

242 840 384 906 modare.

674 993 876 1061 RELATIO
897 995 949 1060 29.
1397 1018 1409 1060 s
1465 1036 1481 1056 .

325 1111 516 1178 Uendendis
531 1111 658 1194 solidis,
675 1134 756 1198 quos
768 1113 958 1201 plerumque
969 1112 1119 1202 publicus
1130 1136 1208 1178 usus
1223 1113 1385 1201 exposcit,

241 1210 502 1282 collectariorum
524 1235 642 1301 corpus
665 1214 849 1280 obnoxium
868 1226 927 1299 est,
953 1215 1070 1303 quibus
1085 1237 1162 1281 arca
1176 1216 1306 1280 uinaria
1320 1224 1385 1281 sta·

240 1326 350 1383 tutum
369 1317 511 1403 pretium
533 1316 770 1382 subministrat.
808 1315 883 1382 huic
898 1316 1064 1383 hominum
1079 1317 1190 1403 generi
1205 1317 1385 1384 taxationis

240 1420 381 1503 exiguae
408 1419 539 1484 uilitate
566 1419 697 1483 nutanti
724 1417 821 1483 diuus
844 1418 947 1484 frater
968 1419 1109 1484 numinis
1132 1405 1235 1486 uest'ri
1256 1428 1385 1485 tantum

241 1543 299 1609 pro
329 1519 469 1606 singulis
498 1521 612 1585 solidis
640 1520 757 1586 statuit
778 1521 1027 1604 conferendum,
1055 1530 1213 1607 quantum
1235 1522 1384 1610 aequitas
1397 1551 1450 1588 ιι
1477 1581 1481 1586 .

240 1622 328 1688 illius
357 1624 512 1711 temporis
541 1621 744 1709 postulabat,
775 1622 853 1688 ddd.
880 1625 1004 1711 imppp.
1049 1623 1107 1688 sed
1129 1623 1288 1711 paulatim
1312 1625 1386 1689 auri

242 1728 433 1792 enormitate
455 1716 620 1790 crescente
643 1725 694 1790 uis
716 1723 851 1789 remedii
874 1724 992 1790 diualis
1015 1725 1156 1813 infracta
1177 1734 1237 1808 est,
1261 1736 1384 1792 etcum

240 1829 276 1892 in
307 1828 378 1894 foro
410 1826 575 1892 uenalium
608 1849 715 1892 rerum
747 1829 869 1892 maiore
896 1850 1023 1892 summa
1050 1828 1172 1894 solidus
1199 1836 1384 1911 censeatur,

207 1948 223 1996 a
241 1929 468 1997 nummulariis
482 1930 589 2016 pretia
609 1929 734 1993 minora
748 1928 944 2015 penduntur.
977 1938 1093 2016 petunt
1106 1930 1208 2014 igitur
1223 1930 1265 2021 de
1280 1939 1383 1995 aeter·

240 2034 344 2099 nitate
354 2041 465 2098 uestra
475 2052 534 2118 pro
546 2032 672 2096 ratione
682 2032 848 2118 praesenti
862 2031 968 2097 iustae
986 2030 1183 2098 definitionis
1194 2041 1385 2116 augmenta,
1398 2048 1473 2095 ns

133 2178 136 2183 -
241 2135 298 2223 qui
319 2135 384 2199 iam
406 2143 497 2200 tanto
520 2134 611 2199 oneri
633 2134 821 2199 sustinendo
843 2155 938 2220 pares
954 2155 1104 2199 essenon
1119 2141 1265 2221 possunt.
1303 2133 1385 2198 haec

242 2248 293 2304 est
320 2259 420 2302 causa
446 2235 683 2323 querimoniae,
712 2257 810 2322 quam
837 2235 958 2300 diuinis
986 2236 1135 2301 sensibus
1157 2237 1277 2301 uestris
1301 2234 1384 2299 fides

240 2325 406 2426 gestorum
420 2339 549 2425 plenius
564 2336 740 2403 intimabit.
773 2338 802 2401 si
817 2337 982 2423 petitionis
997 2360 1100 2423 genus
1115 2336 1285 2424 probabile
1299 2337 1384 2402 iudi·

198 2464 201 2469 ·
241 2442 340 2524 catis,
368 2463 489 2526 quaeso
511 2448 549 2505 ut
569 2439 646 2505 huic
668 2461 797 2525 quoque
818 2439 905 2526 parti
927 2451 1102 2527 praecepto
1124 2439 1385 2505 mansuetudinis

240 2553 370 2611 uestrae
392 2542 522 2609 salubre
543 2540 722 2607 remedium
744 2540 920 2607 deferatur.
1397 2568 1454 2613 ιο

673 2725 875 2792 RELATIO
897 2729 949 2792 30.

320 2848 465 2913 ⁸Palatini
487 2846 746 2911 munerationum
769 2866 933 2910 sacrarum
956 2846 1075 2912 Auitus
1098 2854 1131 2911 et
1146 2845 1264 2912 Castor
1287 2868 1384 2934 quae·

241 2939 310 3018 stus
333 2950 483 3039 publicos
506 2956 655 3013 eruentes
678 2949 763 3012 inter
784 2956 893 3013 cetere
913 2948 1055 3030 nomina,
1078 2970 1161 3035 quae
1175 2946 1296 3013 iudicio
1312 2969 1384 3034 per·

243 3063 439 3140 sequuntur,
469 3049 606 3116 heredes
628 3050 832 3116 Postumiani
853 3072 886 3113 u.
909 3071 937 3113 c.
960 3051 994 3114 in
1017 3071 1155 3115 examen
1179 3071 1287 3114 meum
1309 3072 1386 3115 con-

241 3154 449 3222 uentionibus
472 3161 664 3234 euocarunt,
693 3152 772 3218 ddd.
796 3153 932 3239 imppp,
960 3153 1106 3218 Luciano
1129 3162 1296 3235 monente,
1326 3152 1385 3238 qui
1398 3170 1446 3221 2⁵

242 3280 358 3323 census
381 3257 561 3323 senatorios
590 3263 666 3319 ante
688 3255 852 3335 tractauit,
875 3253 962 3340 quod
985 3254 1138 3320 oblatiuis
1160 3253 1385 3319 functionibus

235 3360 358 3426 cadem
383 3361 497 3425 domus
524 3366 612 3423 esset
636 3357 787 3425 obnoxia.
841 3379 915 3442 pars
949 3356 1051 3422 debiti
1076 3354 1273 3437 Lollianam,
1307 3378 1384 3441 pars

311 3625 1012 3776 {suiectusattrectaretur.a..
1026 3691 1189 3772 ..Μ
1211 3693 1320 3773 Μ
1338 3694 1386 3774 a

242 3764 407 3820 roemtsclteu
424 3763 620 3817 Mrtuzweseus.
655 3762 719 3816 Ber.
744 3761 802 3826 cler⁴
813 3761 983 3816 soclutscben
1001 3759 1063 3814 Ges.
1087 3761 1113 3814 d.
1135 3760 1216 3816 Wtsa
1235 3761 1386 3828 pbri-M.

243 3831 292 3886 Kl.
312 3835 416 3899 185112.
427 3834 491 3884 302.
543 3829 605 3886 ab.
625 3828 781 3884 Theodosio
799 3845 910 3898 semper
927 3831 970 3882 Au
993 3827 1194 3897 ‚Symmachus
1207 3829 1297 3882 Praef.
1315 3829 1383 3883 Urb.

244 3900 305 3954 edd.
342 3899 504 3952 lobnoxaT
539 3898 674 3951 statutaT
709 3901 855 3965 apcmmr
891 3846 1051 3974 {turbium
1066 3963 1071 3975 ι
1088 3894 1171 3973 111Ιι).
1189 3896 1384 3975 Imperator?

313 3966 522 4020 121n0rm1tatc
541 3971 570 4016 Τ·
615 3971 646 4018 14
663 3980 760 4034 prema
778 3970 797 4015 Τ
856 3971 886 4017 15
904 3966 1047 4032 praesenti
1063 3964 1188 4040 1ust1t1ae
1207 3963 1385 4018 d1ffimtion1s

245 4036 304 4090 Get.
323 4033 388 4091 Jwr.
400 4038 426 4087 1.
445 4034 520 4086 Lcet.
539 4037 577 4098 1.;
596 4031 739 4101 praesenti
756 4030 924 4085 iustissimae
943 4030 1119 4086 diffinitionrs
1137 4030 1212 4092 Lect.
1225 4034 1253 4088 2.
1270 4035 1296 4096 3,
1314 4031 1385 4086 Par.

247 4103 349 4171 Wiup,
366 4101 443 4154 uude
457 4100 608 4154 Mommsen
624 4098 788 4164 iustissima3
806 4094 962 4168 praesentis
980 4097 1104 4153 iustitiae
1122 4097 1300 4153 diffinitionis
1320 4098 1385 4154 Jur.

242 4174 270 4224 2.
281 4169 371 4225 Scio.
454 4169 682 4221 18mt1mau1tT

311 4184 364 4291 rel
380 4241 422 4290 30.
444 4235 502 4289 Gal.
521 4241 563 4292 29.
580 4234 639 4287 Jur.
656 4240 698 4287 43.
721 4233 784 4287 Par.
796 4237 838 4288 50.
907 4239 936 4286 21
951 4231 983 4287 D.
1003 4233 1161 4287 Theodosio
1180 4249 1293 4302 semper
1310 4235 1384 4304 Aug.

245 4303 428 4372 Symmachus
445 4301 536 4356 Praef.
554 4302 622 4355 Urb.
642 4301 702 4356 edd.
771 4307 804 4353 22
821 4300 936 4354 Amicus
955 4300 1016 4355 edd.
1085 4307 1118 4356 23
1140 4303 1384 4370 persequanturl'

312 4378 345 4424 24
362 4370 608 4438 depostumramt'
676 4373 709 4422 25
731 4368 764 4422 D.
782 4369 938 4437 Imperator
960 4368 1022 4423 edd.
1090 4374 1122 4422 27
1145 4384 1179 4422 ea
1202 4367 1318 4423 demum
1336 4369 1384 4424 do-

244 4453 306 4491 mus
323 4437 399 4496 Lcct.
416 4441 443 4495 2.
460 4441 485 4494 3.
504 4437 573 4495 Pur.
596 4436 688 4504 Wiup.
