<?xml version="1.0" encoding="UTF-8"?>
<!DOCTYPE html PUBLIC "-//W3C//DTD XHTML 1.0 Transitional//EN"
    "http://www.w3.org/TR/xhtml1/DTD/xhtml1-transitional.dtd">
<html xmlns="http://www.w3.org/1999/xhtml" xml:lang="en" lang="en">
 <head>
  <title>
</title>
<meta http-equiv="Content-Type" content="text/html;charset=utf-8" />
  <meta name='ocr-system' content='tesseract 3.04.00' />
  <meta name='ocr-capabilities' content='ocr_page ocr_carea ocr_par ocr_line ocrx_word'/>
</head>
<body>
  <div class='ocr_page' id='page_1' title='image "./qaureliisymnach00meyegoog_0066.png"; bbox 0 0 2970 5122; ppageno 0'>
   <div class='ocr_carea' id='block_1_1' title="bbox 498 352 1323 415">
    <p class='ocr_par' dir='ltr' id='par_1_1' title="bbox 498 352 1323 415">
     <span class='ocr_line' id='line_1_1' title="bbox 498 352 1323 415; baseline 0.008 -7"><span class='ocrx_word' id='word_1_1' title='bbox 498 362 680 409; x_wconf 77' lang='lat' dir='ltr'>sruuncnr</span> <span class='ocrx_word' id='word_1_2' title='bbox 703 363 855 410; x_wconf 73' lang='lat' dir='ltr'>ceramo</span> <span class='ocrx_word' id='word_1_3' title='bbox 879 355 929 411; x_wconf 86' lang='lat'>38.</span> <span class='ocrx_word' id='word_1_4' title='bbox 954 355 1005 412; x_wconf 82' lang='lat'>39.</span> <span class='ocrx_word' id='word_1_5' title='bbox 1282 352 1323 415; x_wconf 85' lang='lat'>53</span> 
     </span>
    </p>
   </div>
   <div class='ocr_carea' id='block_1_2' title="bbox 133 495 1396 2614">
    <p class='ocr_par' dir='ltr' id='par_1_2' title="bbox 164 495 1396 1404">
     <span class='ocr_line' id='line_1_2' title="bbox 177 495 1322 586; baseline 0.005 -27"><span class='ocrx_word' id='word_1_6' title='bbox 177 495 401 583; x_wconf 80' lang='lat' dir='ltr'>appellatione</span> <span class='ocrx_word' id='word_1_7' title='bbox 424 496 589 561; x_wconf 91' lang='lat' dir='ltr'>consultus</span> <span class='ocrx_word' id='word_1_8' title='bbox 606 506 638 561; x_wconf 91' lang='lat' dir='ltr'>ct</span> <span class='ocrx_word' id='word_1_9' title='bbox 653 498 919 583; x_wconf 91' lang='lat' dir='ltr'>praeiudicialem</span> <span class='ocrx_word' id='word_1_10' title='bbox 935 499 1069 563; x_wconf 91' lang='lat' dir='ltr'>multam</span> <span class='ocrx_word' id='word_1_11' title='bbox 1086 503 1200 565; x_wconf 83' lang='lat' dir='ltr'>statuit</span> <span class='ocrx_word' id='word_1_12' title='bbox 1216 525 1235 564; x_wconf 90' lang='lat' dir='ltr'>a</span> <span class='ocrx_word' id='word_1_13' title='bbox 1251 523 1322 586; x_wconf 89' lang='lat' dir='ltr'>pro-</span> 
     </span>
     <span class='ocr_line' id='line_1_3' title="bbox 179 598 1323 686; baseline 0.003 -23"><span class='ocrx_word' id='word_1_14' title='bbox 179 599 375 665; x_wconf 90' lang='lat' dir='ltr'>uocantibus</span> <span class='ocrx_word' id='word_1_15' title='bbox 403 598 605 663; x_wconf 90' lang='lat' dir='ltr'>inferendam</span> <span class='ocrx_word' id='word_1_16' title='bbox 634 610 666 663; x_wconf 89' lang='lat' dir='ltr'>et</span> <span class='ocrx_word' id='word_1_17' title='bbox 693 601 800 685; x_wconf 90' lang='lat' dir='ltr'>ipsum</span> <span class='ocrx_word' id='word_1_18' title='bbox 830 602 1045 686; x_wconf 82' lang='lat' dir='ltr'>quaesitorem</span> <span class='ocrx_word' id='word_1_19' title='bbox 1073 603 1201 666; x_wconf 83' lang='lat' dir='ltr'>crimini</span> <span class='ocrx_word' id='word_1_20' title='bbox 1232 603 1323 666; x_wconf 86' lang='lat' dir='ltr'>dedit</span> 
     </span>
     <span class='ocr_line' id='line_1_4' title="bbox 182 700 1356 790; baseline 0.005 -24"><span class='ocrx_word' id='word_1_21' title='bbox 182 723 253 766; x_wconf 91' lang='lat' dir='ltr'>cum</span> <span class='ocrx_word' id='word_1_22' title='bbox 282 703 473 766; x_wconf 87' lang='lat' dir='ltr'>executione</span> <span class='ocrx_word' id='word_1_23' title='bbox 495 700 669 766; x_wconf 89' lang='lat' dir='ltr'>uindictae.</span> <span class='ocrx_word' id='word_1_24' title='bbox 715 701 892 787; x_wconf 86' lang='lat' dir='ltr'>posthaec</span> <span class='ocrx_word' id='word_1_25' title='bbox 913 704 1157 789; x_wconf 84' lang='lat' dir='ltr'>obreptionibus</span> <span class='ocrx_word' id='word_1_26' title='bbox 1181 707 1322 790; x_wconf 92' lang='lat' dir='ltr'>partium</span> <span class='ocrx_word' id='word_1_27' title='bbox 1341 729 1356 773; x_wconf 81' lang='lat' dir='ltr'>a</span> 
     </span>
     <span class='ocr_line' id='line_1_5' title="bbox 182 803 1396 888; baseline 0.002 -21"><span class='ocrx_word' id='word_1_28' title='bbox 182 803 332 868; x_wconf 90' lang='lat' dir='ltr'>nonnulla</span> <span class='ocrx_word' id='word_1_29' title='bbox 353 813 447 888; x_wconf 86' lang='lat' dir='ltr'>gesta</span> <span class='ocrx_word' id='word_1_30' title='bbox 462 814 549 887; x_wconf 91' lang='lat' dir='ltr'>sunt,</span> <span class='ocrx_word' id='word_1_31' title='bbox 571 813 608 868; x_wconf 93' lang='lat' dir='ltr'>ut</span> <span class='ocrx_word' id='word_1_32' title='bbox 623 804 778 869; x_wconf 79' lang='lat' dir='ltr'>iudicatio</span> <span class='ocrx_word' id='word_1_33' title='bbox 795 815 1018 869; x_wconf 89' lang='lat' dir='ltr'>consummata</span> <span class='ocrx_word' id='word_1_34' title='bbox 1034 808 1224 875; x_wconf 87' lang='lat' dir='ltr'>traheretur.</span> <span class='ocrx_word' id='word_1_35' title='bbox 1247 829 1322 871; x_wconf 88' lang='lat' dir='ltr'>nam</span> <span class='ocrx_word' id='word_1_36' title='bbox 1393 849 1396 860; x_wconf 83' lang='lat'>-</span> 
     </span>
     <span class='ocr_line' id='line_1_6' title="bbox 164 906 1323 993; baseline -0.002 -19"><span class='ocrx_word' id='word_1_37' title='bbox 164 917 212 975; x_wconf 76' lang='lat' dir='ltr'>set</span> <span class='ocrx_word' id='word_1_38' title='bbox 234 908 285 970; x_wconf 93' lang='lat' dir='ltr'>uir</span> <span class='ocrx_word' id='word_1_39' title='bbox 308 907 496 993; x_wconf 90' lang='lat' dir='ltr'>spectabilis</span> <span class='ocrx_word' id='word_1_40' title='bbox 519 906 671 972; x_wconf 85' lang='lat' dir='ltr'>decessor</span> <span class='ocrx_word' id='word_1_41' title='bbox 697 928 788 971; x_wconf 90' lang='lat' dir='ltr'>meus</span> <span class='ocrx_word' id='word_1_42' title='bbox 817 929 889 971; x_wconf 91' lang='lat' dir='ltr'>eum</span> <span class='ocrx_word' id='word_1_43' title='bbox 911 908 1047 973; x_wconf 88' lang='lat' dir='ltr'>multam</span> <span class='ocrx_word' id='word_1_44' title='bbox 1075 909 1245 974; x_wconf 84' lang='lat' dir='ltr'>didicisset</span> <span class='ocrx_word' id='word_1_45' title='bbox 1268 932 1323 972; x_wconf 91' lang='lat' dir='ltr'>ex-</span> 
     </span>
     <span class='ocr_line' id='line_1_7' title="bbox 181 1009 1321 1099; baseline 0.001 -25"><span class='ocrx_word' id='word_1_46' title='bbox 181 1018 311 1099; x_wconf 87' lang='lat' dir='ltr'>actam,</span> <span class='ocrx_word' id='word_1_47' title='bbox 328 1031 424 1096; x_wconf 89' lang='lat' dir='ltr'>quam</span> <span class='ocrx_word' id='word_1_48' title='bbox 447 1009 578 1074; x_wconf 89' lang='lat' dir='ltr'>decreto</span> <span class='ocrx_word' id='word_1_49' title='bbox 601 1010 685 1075; x_wconf 88' lang='lat' dir='ltr'>sacri</span> <span class='ocrx_word' id='word_1_50' title='bbox 707 1009 860 1075; x_wconf 88' lang='lat' dir='ltr'>auditorii</span> <span class='ocrx_word' id='word_1_51' title='bbox 882 1011 1057 1097; x_wconf 85' lang='lat' dir='ltr'>appellatio</span> <span class='ocrx_word' id='word_1_52' title='bbox 1079 1011 1321 1097; x_wconf 89' lang='lat' dir='ltr'>praeiudicialis</span> 
     </span>
     <span class='ocr_line' id='line_1_8' title="bbox 180 1112 1320 1198; baseline 0.002 -23"><span class='ocrx_word' id='word_1_53' title='bbox 180 1123 372 1198; x_wconf 86' lang='lat' dir='ltr'>agnouerat,</span> <span class='ocrx_word' id='word_1_54' title='bbox 394 1113 517 1176; x_wconf 88' lang='lat' dir='ltr'>statuit</span> <span class='ocrx_word' id='word_1_55' title='bbox 545 1135 678 1177; x_wconf 83' lang='lat' dir='ltr'>eausam</span> <span class='ocrx_word' id='word_1_56' title='bbox 705 1113 851 1177; x_wconf 88' lang='lat' dir='ltr'>criminis</span> <span class='ocrx_word' id='word_1_57' title='bbox 873 1112 915 1176; x_wconf 89' lang='lat' dir='ltr'>ad</span> <span class='ocrx_word' id='word_1_58' title='bbox 939 1137 973 1178; x_wconf 91' lang='lat' dir='ltr'>se</span> <span class='ocrx_word' id='word_1_59' title='bbox 997 1114 1116 1179; x_wconf 90' lang='lat' dir='ltr'>dehere</span> <span class='ocrx_word' id='word_1_60' title='bbox 1138 1114 1320 1194; x_wconf 87' lang='lat' dir='ltr'>transferri,</span> 
     </span>
     <span class='ocr_line' id='line_1_9' title="bbox 179 1215 1355 1300; baseline 0.001 -22"><span class='ocrx_word' id='word_1_61' title='bbox 179 1225 210 1280; x_wconf 93' lang='lat' dir='ltr'>et</span> <span class='ocrx_word' id='word_1_62' title='bbox 239 1237 299 1300; x_wconf 85' lang='lat' dir='ltr'>ego</span> <span class='ocrx_word' id='word_1_63' title='bbox 328 1216 413 1281; x_wconf 87' lang='lat' dir='ltr'>idem</span> <span class='ocrx_word' id='word_1_64' title='bbox 441 1224 571 1280; x_wconf 89' lang='lat' dir='ltr'>secutus</span> <span class='ocrx_word' id='word_1_65' title='bbox 600 1222 708 1299; x_wconf 88' lang='lat' dir='ltr'>partes</span> <span class='ocrx_word' id='word_1_66' title='bbox 737 1215 771 1279; x_wconf 92' lang='lat' dir='ltr'>in</span> <span class='ocrx_word' id='word_1_67' title='bbox 794 1238 931 1280; x_wconf 85' lang='lat' dir='ltr'>examen</span> <span class='ocrx_word' id='word_1_68' title='bbox 953 1218 1068 1281; x_wconf 90' lang='lat' dir='ltr'>aeciui.</span> <span class='ocrx_word' id='word_1_69' title='bbox 1114 1217 1171 1281; x_wconf 91' lang='lat' dir='ltr'>sed</span> <span class='ocrx_word' id='word_1_70' title='bbox 1193 1239 1267 1282; x_wconf 89' lang='lat' dir='ltr'>eum</span> <span class='ocrx_word' id='word_1_71' title='bbox 1291 1228 1355 1280; x_wconf 71' lang='lat' dir='ltr'>etc</span> 
     </span>
     <span class='ocr_line' id='line_1_10' title="bbox 180 1319 1321 1404; baseline 0.001 -23"><span class='ocrx_word' id='word_1_72' title='bbox 180 1327 307 1404; x_wconf 88' lang='lat' dir='ltr'>tempus</span> <span class='ocrx_word' id='word_1_73' title='bbox 324 1319 536 1404; x_wconf 87' lang='lat' dir='ltr'>reparationis</span> <span class='ocrx_word' id='word_1_74' title='bbox 552 1327 639 1382; x_wconf 90' lang='lat' dir='ltr'>esset</span> <span class='ocrx_word' id='word_1_75' title='bbox 660 1339 842 1401; x_wconf 89' lang='lat' dir='ltr'>emensum,</span> <span class='ocrx_word' id='word_1_76' title='bbox 867 1329 898 1382; x_wconf 92' lang='lat' dir='ltr'>et</span> <span class='ocrx_word' id='word_1_77' title='bbox 921 1340 1058 1404; x_wconf 90' lang='lat' dir='ltr'>poenam</span> <span class='ocrx_word' id='word_1_78' title='bbox 1081 1321 1321 1403; x_wconf 89' lang='lat' dir='ltr'>prouocationis</span> 
     </span>
    </p>

    <p class='ocr_par' dir='ltr' id='par_1_3' title="bbox 141 1421 1324 1916">
     <span class='ocr_line' id='line_1_11' title="bbox 141 1421 1324 1507; baseline 0.001 -23"><span class='ocrx_word' id='word_1_79' title='bbox 141 1449 164 1488; x_wconf 81' lang='grc' dir='ltr'>ιο</span> <span class='ocrx_word' id='word_1_80' title='bbox 177 1430 234 1485; x_wconf 92' lang='lat' dir='ltr'>aut</span> <span class='ocrx_word' id='word_1_81' title='bbox 263 1429 451 1507; x_wconf 84' lang='lat' dir='ltr'>expectaret</span> <span class='ocrx_word' id='word_1_82' title='bbox 477 1429 534 1485; x_wconf 89' lang='lat' dir='ltr'>aut</span> <span class='ocrx_word' id='word_1_83' title='bbox 563 1422 755 1505; x_wconf 88' lang='lat' dir='ltr'>sumpsisset</span> <span class='ocrx_word' id='word_1_84' title='bbox 781 1421 956 1500; x_wconf 89' lang='lat' dir='ltr'>aerarium,</span> <span class='ocrx_word' id='word_1_85' title='bbox 991 1421 1164 1486; x_wconf 90' lang='lat' dir='ltr'>uiolentiae</span> <span class='ocrx_word' id='word_1_86' title='bbox 1195 1443 1324 1507; x_wconf 91' lang='lat' dir='ltr'>quoque</span> 
     </span>
     <span class='ocr_line' id='line_1_12' title="bbox 178 1522 1321 1610; baseline 0.001 -24"><span class='ocrx_word' id='word_1_87' title='bbox 178 1546 309 1588; x_wconf 91' lang='lat' dir='ltr'>causam</span> <span class='ocrx_word' id='word_1_88' title='bbox 338 1532 370 1587; x_wconf 92' lang='lat' dir='ltr'>et</span> <span class='ocrx_word' id='word_1_89' title='bbox 398 1523 550 1588; x_wconf 89' lang='lat' dir='ltr'>Uenantii</span> <span class='ocrx_word' id='word_1_90' title='bbox 577 1545 617 1586; x_wconf 89' lang='lat' dir='ltr'>ac</span> <span class='ocrx_word' id='word_1_91' title='bbox 644 1522 837 1587; x_wconf 90' lang='lat' dir='ltr'>Batrachiae</span> <span class='ocrx_word' id='word_1_92' title='bbox 864 1523 1025 1607; x_wconf 85' lang='lat' dir='ltr'>professio</span> <span class='ocrx_word' id='word_1_93' title='bbox 1053 1545 1091 1589; x_wconf 89' lang='lat' dir='ltr'>ae</span> <span class='ocrx_word' id='word_1_94' title='bbox 1119 1523 1321 1610; x_wconf 90' lang='lat' dir='ltr'>quorundam</span> 
     </span>
     <span class='ocr_line' id='line_1_13' title="bbox 178 1626 1322 1712; baseline 0.002 -23"><span class='ocrx_word' id='word_1_95' title='bbox 178 1627 327 1712; x_wconf 87' lang='lat' dir='ltr'>capitalis</span> <span class='ocrx_word' id='word_1_96' title='bbox 344 1626 531 1712; x_wconf 85' lang='lat' dir='ltr'>dampnatio</span> <span class='ocrx_word' id='word_1_97' title='bbox 547 1627 764 1707; x_wconf 87' lang='lat' dir='ltr'>terminasset,</span> <span class='ocrx_word' id='word_1_98' title='bbox 781 1627 990 1711; x_wconf 91' lang='lat' dir='ltr'>pronuntiaui</span> <span class='ocrx_word' id='word_1_99' title='bbox 1005 1628 1221 1711; x_wconf 88' lang='lat' dir='ltr'>cognitionem</span> <span class='ocrx_word' id='word_1_100' title='bbox 1238 1628 1322 1691; x_wconf 89' lang='lat' dir='ltr'>sacri</span> 
     </span>
     <span class='ocr_line' id='line_1_14' title="bbox 177 1727 1317 1813; baseline 0 -21"><span class='ocrx_word' id='word_1_101' title='bbox 177 1750 304 1793; x_wconf 90' lang='lat' dir='ltr'>cessare</span> <span class='ocrx_word' id='word_1_102' title='bbox 331 1728 445 1794; x_wconf 91' lang='lat' dir='ltr'>iudicii</span> <span class='ocrx_word' id='word_1_103' title='bbox 468 1736 500 1791; x_wconf 91' lang='lat' dir='ltr'>ct</span> <span class='ocrx_word' id='word_1_104' title='bbox 522 1727 727 1800; x_wconf 90' lang='lat' dir='ltr'>Uenantium,</span> <span class='ocrx_word' id='word_1_105' title='bbox 757 1748 852 1813; x_wconf 92' lang='lat' dir='ltr'>quem</span> <span class='ocrx_word' id='word_1_106' title='bbox 875 1751 905 1791; x_wconf 91' lang='lat' dir='ltr'>u.</span> <span class='ocrx_word' id='word_1_107' title='bbox 929 1751 956 1792; x_wconf 93' lang='lat' dir='ltr'>e.</span> <span class='ocrx_word' id='word_1_108' title='bbox 980 1737 1013 1792; x_wconf 91' lang='lat' dir='ltr'>et</span> <span class='ocrx_word' id='word_1_109' title='bbox 1033 1728 1171 1793; x_wconf 88' lang='lat' dir='ltr'>illustris</span> <span class='ocrx_word' id='word_1_110' title='bbox 1194 1727 1317 1792; x_wconf 86' lang='lat' dir='ltr'>officio-</span> 
     </span>
     <span class='ocr_line' id='line_1_15' title="bbox 177 1828 1320 1916; baseline -0.003 -20"><span class='ocrx_word' id='word_1_111' title='bbox 177 1854 248 1896; x_wconf 89' lang='lat' dir='ltr'>rum</span> <span class='ocrx_word' id='word_1_112' title='bbox 277 1830 433 1916; x_wconf 85' lang='lat' dir='ltr'>magister</span> <span class='ocrx_word' id='word_1_113' title='bbox 460 1831 600 1895; x_wconf 90' lang='lat' dir='ltr'>iusserat</span> <span class='ocrx_word' id='word_1_114' title='bbox 622 1828 784 1907; x_wconf 89' lang='lat' dir='ltr'>exhiberi,</span> <span class='ocrx_word' id='word_1_115' title='bbox 813 1831 924 1894; x_wconf 91' lang='lat' dir='ltr'>censui</span> <span class='ocrx_word' id='word_1_116' title='bbox 946 1833 1057 1915; x_wconf 86' lang='lat' dir='ltr'>agenti</span> <span class='ocrx_word' id='word_1_117' title='bbox 1079 1832 1112 1895; x_wconf 94' lang='lat' dir='ltr'>in</span> <span class='ocrx_word' id='word_1_118' title='bbox 1135 1831 1232 1895; x_wconf 89' lang='lat' dir='ltr'>rebus</span> <span class='ocrx_word' id='word_1_119' title='bbox 1256 1830 1320 1893; x_wconf 88' lang='lat' dir='ltr'>De-</span> 
     </span>
    </p>

    <p class='ocr_par' dir='ltr' id='par_1_4' title="bbox 136 1932 1354 2433">
     <span class='ocr_line' id='line_1_16' title="bbox 136 1932 1354 2020; baseline 0 -26"><span class='ocrx_word' id='word_1_120' title='bbox 136 1954 163 1994; x_wconf 84' lang='lat'>15</span> <span class='ocrx_word' id='word_1_121' title='bbox 178 1935 299 2016; x_wconf 90' lang='lat' dir='ltr'>centio,</span> <span class='ocrx_word' id='word_1_122' title='bbox 324 1956 387 2020; x_wconf 91' lang='lat' dir='ltr'>quo</span> <span class='ocrx_word' id='word_1_123' title='bbox 410 1943 625 2020; x_wconf 83' lang='lat' dir='ltr'>prosequente</span> <span class='ocrx_word' id='word_1_124' title='bbox 647 1941 792 2011; x_wconf 86' lang='lat' dir='ltr'>uenerat,</span> <span class='ocrx_word' id='word_1_125' title='bbox 816 1954 887 1996; x_wconf 88' lang='lat' dir='ltr'>esse</span> <span class='ocrx_word' id='word_1_126' title='bbox 909 1932 1124 1997; x_wconf 85' lang='lat' dir='ltr'>reddendum.</span> <span class='ocrx_word' id='word_1_127' title='bbox 1167 1932 1225 1997; x_wconf 89' lang='lat' dir='ltr'>sed</span> <span class='ocrx_word' id='word_1_128' title='bbox 1247 1955 1320 1997; x_wconf 90' lang='lat' dir='ltr'>eum</span> <span class='ocrx_word' id='word_1_129' title='bbox 1338 1946 1354 1994; x_wconf 84' lang='lat'>5</span> 
     </span>
     <span class='ocr_line' id='line_1_17' title="bbox 180 2034 1317 2121; baseline 0 -22"><span class='ocrx_word' id='word_1_130' title='bbox 180 2035 331 2101; x_wconf 90' lang='lat' dir='ltr'>Uenantii</span> <span class='ocrx_word' id='word_1_131' title='bbox 354 2037 503 2100; x_wconf 89' lang='lat' dir='ltr'>stratoris</span> <span class='ocrx_word' id='word_1_132' title='bbox 526 2034 682 2100; x_wconf 82' lang='lat' dir='ltr'>inlicitam</span> <span class='ocrx_word' id='word_1_133' title='bbox 704 2043 958 2121; x_wconf 87' lang='lat' dir='ltr'>usurpatamque</span> <span class='ocrx_word' id='word_1_134' title='bbox 980 2035 1128 2100; x_wconf 90' lang='lat' dir='ltr'>militiam</span> <span class='ocrx_word' id='word_1_135' title='bbox 1143 2035 1317 2100; x_wconf 86' lang='lat' dir='ltr'>Marcellus</span> 
     </span>
     <span class='ocr_line' id='line_1_18' title="bbox 176 2136 1319 2223; baseline 0 -23"><span class='ocrx_word' id='word_1_136' title='bbox 176 2147 345 2222; x_wconf 83' lang='lat' dir='ltr'>argueret,</span> <span class='ocrx_word' id='word_1_137' title='bbox 374 2137 460 2223; x_wconf 92' lang='lat' dir='ltr'>quod</span> <span class='ocrx_word' id='word_1_138' title='bbox 483 2137 694 2201; x_wconf 89' lang='lat' dir='ltr'>decurionum</span> <span class='ocrx_word' id='word_1_139' title='bbox 717 2137 893 2223; x_wconf 89' lang='lat' dir='ltr'>asscriptus</span> <span class='ocrx_word' id='word_1_140' title='bbox 915 2136 1005 2221; x_wconf 90' lang='lat' dir='ltr'>albo,</span> <span class='ocrx_word' id='word_1_141' title='bbox 1029 2147 1065 2202; x_wconf 93' lang='lat' dir='ltr'>ut</span> <span class='ocrx_word' id='word_1_142' title='bbox 1087 2148 1180 2223; x_wconf 87' lang='lat' dir='ltr'>gesta</span> <span class='ocrx_word' id='word_1_143' title='bbox 1202 2137 1319 2202; x_wconf 88' lang='lat' dir='ltr'>docue-</span> 
     </span>
     <span class='ocr_line' id='line_1_19' title="bbox 177 2237 1319 2325; baseline -0.002 -20"><span class='ocrx_word' id='word_1_144' title='bbox 177 2250 261 2322; x_wconf 89' lang='lat' dir='ltr'>runt,</span> <span class='ocrx_word' id='word_1_145' title='bbox 283 2240 456 2304; x_wconf 89' lang='lat' dir='ltr'>aduersum</span> <span class='ocrx_word' id='word_1_146' title='bbox 479 2238 567 2322; x_wconf 80' lang='lat' dir='ltr'>leges</span> <span class='ocrx_word' id='word_1_147' title='bbox 591 2240 632 2303; x_wconf 90' lang='lat' dir='ltr'>ad</span> <span class='ocrx_word' id='word_1_148' title='bbox 656 2237 801 2325; x_wconf 88' lang='lat' dir='ltr'>palatina</span> <span class='ocrx_word' id='word_1_149' title='bbox 816 2251 922 2305; x_wconf 86' lang='lat' dir='ltr'>castra</span> <span class='ocrx_word' id='word_1_150' title='bbox 937 2242 1117 2322; x_wconf 86' lang='lat' dir='ltr'>transisset,</span> <span class='ocrx_word' id='word_1_151' title='bbox 1140 2263 1203 2304; x_wconf 93' lang='lat' dir='ltr'>non</span> <span class='ocrx_word' id='word_1_152' title='bbox 1220 2238 1319 2304; x_wconf 91' lang='lat' dir='ltr'>debui</span> 
     </span>
     <span class='ocr_line' id='line_1_20' title="bbox 177 2341 1319 2433; baseline -0.002 -27"><span class='ocrx_word' id='word_1_153' title='bbox 177 2344 303 2407; x_wconf 87' lang='lat' dir='ltr'>obieeta</span> <span class='ocrx_word' id='word_1_154' title='bbox 325 2344 460 2408; x_wconf 85' lang='lat' dir='ltr'>reticere</span> <span class='ocrx_word' id='word_1_155' title='bbox 467 2389 475 2422; x_wconf 92' lang='lat'>,</span> <span class='ocrx_word' id='word_1_156' title='bbox 499 2342 590 2405; x_wconf 92' lang='lat' dir='ltr'>utin</span> <span class='ocrx_word' id='word_1_157' title='bbox 613 2362 651 2404; x_wconf 87' lang='lat' dir='ltr'>ea</span> <span class='ocrx_word' id='word_1_158' title='bbox 672 2363 723 2425; x_wconf 92' lang='lat' dir='ltr'>re,</span> <span class='ocrx_word' id='word_1_159' title='bbox 745 2364 827 2427; x_wconf 90' lang='lat' dir='ltr'>quae</span> <span class='ocrx_word' id='word_1_160' title='bbox 849 2342 981 2407; x_wconf 90' lang='lat' dir='ltr'>modum</span> <span class='ocrx_word' id='word_1_161' title='bbox 1003 2345 1067 2408; x_wconf 92' lang='lat' dir='ltr'>mei</span> <span class='ocrx_word' id='word_1_162' title='bbox 1090 2341 1319 2433; x_wconf 85' lang='lat' dir='ltr'>egrediebatur</span> 
     </span>
    </p>

    <p class='ocr_par' dir='ltr' id='par_1_5' title="bbox 133 2442 1352 2614">
     <span class='ocr_line' id='line_1_21' title="bbox 133 2442 1352 2532; baseline 0.004 -25"><span class='ocrx_word' id='word_1_163' title='bbox 133 2471 162 2509; x_wconf 81' lang='lat'>20</span> <span class='ocrx_word' id='word_1_164' title='bbox 178 2445 355 2526; x_wconf 89' lang='lat' dir='ltr'>examinis,</span> <span class='ocrx_word' id='word_1_165' title='bbox 377 2444 552 2508; x_wconf 88' lang='lat' dir='ltr'>aeternitas</span> <span class='ocrx_word' id='word_1_166' title='bbox 575 2451 686 2508; x_wconf 87' lang='lat' dir='ltr'>uestra</span> <span class='ocrx_word' id='word_1_167' title='bbox 706 2445 787 2529; x_wconf 88' lang='lat' dir='ltr'>ipsis</span> <span class='ocrx_word' id='word_1_168' title='bbox 810 2442 949 2529; x_wconf 83' lang='lat' dir='ltr'>legibus,</span> <span class='ocrx_word' id='word_1_169' title='bbox 974 2459 1053 2532; x_wconf 90' lang='lat' dir='ltr'>quas</span> <span class='ocrx_word' id='word_1_170' title='bbox 1077 2454 1196 2527; x_wconf 89' lang='lat' dir='ltr'>tuctur,</span> <span class='ocrx_word' id='word_1_171' title='bbox 1219 2465 1317 2528; x_wconf 78' lang='lat' dir='ltr'>augu·</span> <span class='ocrx_word' id='word_1_172' title='bbox 1349 2506 1352 2512; x_wconf 87' lang='lat'>.</span> 
     </span>
     <span class='ocr_line' id='line_1_22' title="bbox 176 2548 445 2614; baseline -0.011 -1"><span class='ocrx_word' id='word_1_173' title='bbox 176 2550 256 2613; x_wconf 90' lang='lat' dir='ltr'>stior</span> <span class='ocrx_word' id='word_1_174' title='bbox 277 2548 445 2614; x_wconf 91' lang='lat' dir='ltr'>iudicaret.</span> 
     </span>
    </p>
   </div>
   <div class='ocr_carea' id='block_1_3' title="bbox 611 2732 885 2798">
    <p class='ocr_par' dir='ltr' id='par_1_6' title="bbox 611 2732 885 2798">
     <span class='ocr_line' id='line_1_23' title="bbox 611 2732 885 2798; baseline 0 -3"><span class='ocrx_word' id='word_1_175' title='bbox 611 2732 812 2798; x_wconf 85' lang='lat' dir='ltr'>RELATIO</span> <span class='ocrx_word' id='word_1_176' title='bbox 834 2735 885 2797; x_wconf 87' lang='grc'>39.</span> 
     </span>
    </p>
   </div>
   <div class='ocr_carea' id='block_1_4' title="bbox 131 2842 1350 3648">
    <p class='ocr_par' dir='ltr' id='par_1_7' title="bbox 131 2842 1350 3648">
     <span class='ocr_line' id='line_1_24' title="bbox 261 2842 1316 2929; baseline 0.003 -23"><span class='ocrx_word' id='word_1_177' title='bbox 261 2843 354 2907; x_wconf 85' lang='lat' dir='ltr'>Facit</span> <span class='ocrx_word' id='word_1_178' title='bbox 376 2842 565 2929; x_wconf 90' lang='lat' dir='ltr'>plerumque</span> <span class='ocrx_word' id='word_1_179' title='bbox 588 2843 671 2906; x_wconf 89' lang='lat' dir='ltr'>ratio</span> <span class='ocrx_word' id='word_1_180' title='bbox 692 2850 750 2905; x_wconf 89' lang='lat' dir='ltr'>aut</span> <span class='ocrx_word' id='word_1_181' title='bbox 771 2843 901 2908; x_wconf 88' lang='lat' dir='ltr'>fortuna</span> <span class='ocrx_word' id='word_1_182' title='bbox 924 2867 1104 2926; x_wconf 89' lang='lat' dir='ltr'>causarum,</span> <span class='ocrx_word' id='word_1_183' title='bbox 1128 2847 1220 2910; x_wconf 92' lang='lat' dir='ltr'>utin</span> <span class='ocrx_word' id='word_1_184' title='bbox 1243 2867 1316 2909; x_wconf 92' lang='lat' dir='ltr'>eon-</span> 
     </span>
     <span class='ocr_line' id='line_1_25' title="bbox 174 2944 1317 3037; baseline 0 -26"><span class='ocrx_word' id='word_1_185' title='bbox 174 2947 343 3011; x_wconf 87' lang='lat' dir='ltr'>trouersiis</span> <span class='ocrx_word' id='word_1_186' title='bbox 372 2946 456 3009; x_wconf 91' lang='lat' dir='ltr'>alter</span> <span class='ocrx_word' id='word_1_187' title='bbox 488 2946 652 3030; x_wconf 86' lang='lat' dir='ltr'>aequitate</span> <span class='ocrx_word' id='word_1_188' title='bbox 683 2944 766 3037; x_wconf 85' lang='lat' dir='ltr'>alter</span> <span class='ocrx_word' id='word_1_189' title='bbox 797 2947 867 3009; x_wconf 92' lang='lat' dir='ltr'>iure</span> <span class='ocrx_word' id='word_1_190' title='bbox 894 2949 1024 3012; x_wconf 87' lang='lat' dir='ltr'>nitatur.</span> <span class='ocrx_word' id='word_1_191' title='bbox 1073 2956 1149 3011; x_wconf 91' lang='lat' dir='ltr'>tunc</span> <span class='ocrx_word' id='word_1_192' title='bbox 1176 2947 1317 3011; x_wconf 90' lang='lat' dir='ltr'>humano</span> 
     </span>
     <span class='ocr_line' id='line_1_26' title="bbox 132 3047 1317 3131; baseline 0.002 -19"><span class='ocrx_word' id='word_1_193' title='bbox 132 3079 161 3119; x_wconf 74' lang='lat'>25</span> <span class='ocrx_word' id='word_1_194' title='bbox 175 3050 308 3113; x_wconf 87' lang='lat' dir='ltr'>labante</span> <span class='ocrx_word' id='word_1_195' title='bbox 335 3047 469 3113; x_wconf 90' lang='lat' dir='ltr'>consilio</span> <span class='ocrx_word' id='word_1_196' title='bbox 498 3047 688 3112; x_wconf 89' lang='lat' dir='ltr'>deliberatio</span> <span class='ocrx_word' id='word_1_197' title='bbox 712 3048 888 3131; x_wconf 86' lang='lat' dir='ltr'>cognitoris</span> <span class='ocrx_word' id='word_1_198' title='bbox 910 3049 953 3112; x_wconf 91' lang='lat' dir='ltr'>ad</span> <span class='ocrx_word' id='word_1_199' title='bbox 976 3049 1165 3114; x_wconf 89' lang='lat' dir='ltr'>elementiae</span> <span class='ocrx_word' id='word_1_200' title='bbox 1188 3059 1317 3114; x_wconf 88' lang='lat' dir='ltr'>uestrae</span> 
     </span>
     <span class='ocr_line' id='line_1_27' title="bbox 175 3149 1350 3238; baseline 0 -23"><span class='ocrx_word' id='word_1_201' title='bbox 175 3152 314 3216; x_wconf 89' lang='lat' dir='ltr'>recurrit</span> <span class='ocrx_word' id='word_1_202' title='bbox 329 3150 503 3232; x_wconf 91' lang='lat' dir='ltr'>oraculum,</span> <span class='ocrx_word' id='word_1_203' title='bbox 521 3149 599 3214; x_wconf 89' lang='lat' dir='ltr'>ddd.</span> <span class='ocrx_word' id='word_1_204' title='bbox 613 3152 733 3238; x_wconf 92' lang='lat' dir='ltr'>imppp.</span> <span class='ocrx_word' id='word_1_205' title='bbox 769 3150 856 3237; x_wconf 94' lang='lat' dir='ltr'>quod</span> <span class='ocrx_word' id='word_1_206' title='bbox 878 3153 976 3216; x_wconf 89' lang='lat' dir='ltr'>etiam</span> <span class='ocrx_word' id='word_1_207' title='bbox 995 3155 1174 3238; x_wconf 88' lang='lat' dir='ltr'>praesentis</span> <span class='ocrx_word' id='word_1_208' title='bbox 1192 3153 1314 3236; x_wconf 86' lang='lat' dir='ltr'>negotii</span> <span class='ocrx_word' id='word_1_209' title='bbox 1335 3160 1350 3204; x_wconf 70' lang='lat'>2&#39;</span> 
     </span>
     <span class='ocr_line' id='line_1_28' title="bbox 174 3253 1315 3341; baseline -0.002 -23"><span class='ocrx_word' id='word_1_210' title='bbox 174 3255 314 3341; x_wconf 88' lang='lat' dir='ltr'>qualitas</span> <span class='ocrx_word' id='word_1_211' title='bbox 337 3253 536 3339; x_wconf 90' lang='lat' dir='ltr'>depoposcit.</span> <span class='ocrx_word' id='word_1_212' title='bbox 575 3275 649 3315; x_wconf 89' lang='lat' dir='ltr'>nam</span> <span class='ocrx_word' id='word_1_213' title='bbox 673 3253 768 3317; x_wconf 91' lang='lat' dir='ltr'>Musa</span> <span class='ocrx_word' id='word_1_214' title='bbox 789 3275 891 3318; x_wconf 91' lang='lat' dir='ltr'>annos</span> <span class='ocrx_word' id='word_1_215' title='bbox 914 3276 1044 3339; x_wconf 85' lang='lat' dir='ltr'>egressa</span> <span class='ocrx_word' id='word_1_216' title='bbox 1067 3255 1228 3339; x_wconf 84' lang='lat' dir='ltr'>legitimos</span> <span class='ocrx_word' id='word_1_217' title='bbox 1243 3276 1315 3318; x_wconf 92' lang='lat' dir='ltr'>cum</span> 
     </span>
     <span class='ocr_line' id='line_1_29' title="bbox 173 3357 1316 3443; baseline -0.001 -23"><span class='ocrx_word' id='word_1_218' title='bbox 173 3358 207 3420; x_wconf 93' lang='lat' dir='ltr'>in</span> <span class='ocrx_word' id='word_1_219' title='bbox 222 3366 348 3442; x_wconf 88' lang='lat' dir='ltr'>partem</span> <span class='ocrx_word' id='word_1_220' title='bbox 363 3377 469 3419; x_wconf 88' lang='lat' dir='ltr'>rerum</span> <span class='ocrx_word' id='word_1_221' title='bbox 481 3364 688 3442; x_wconf 88' lang='lat' dir='ltr'>paternarum</span> <span class='ocrx_word' id='word_1_222' title='bbox 701 3357 915 3442; x_wconf 88' lang='lat' dir='ltr'>syntrophum</span> <span class='ocrx_word' id='word_1_223' title='bbox 928 3367 1117 3443; x_wconf 89' lang='lat' dir='ltr'>quereretur</span> <span class='ocrx_word' id='word_1_224' title='bbox 1127 3357 1316 3441; x_wconf 89' lang='lat' dir='ltr'>admissum,</span> 
     </span>
     <span class='ocr_line' id='line_1_30' title="bbox 174 3457 1314 3545; baseline -0.002 -22"><span class='ocrx_word' id='word_1_225' title='bbox 174 3481 269 3545; x_wconf 91' lang='lat' dir='ltr'>quem</span> <span class='ocrx_word' id='word_1_226' title='bbox 292 3457 394 3523; x_wconf 91' lang='lat' dir='ltr'>ueluti</span> <span class='ocrx_word' id='word_1_227' title='bbox 415 3457 544 3523; x_wconf 88' lang='lat' dir='ltr'>adultae</span> <span class='ocrx_word' id='word_1_228' title='bbox 564 3479 641 3521; x_wconf 89' lang='lat' dir='ltr'>suae</span> <span class='ocrx_word' id='word_1_229' title='bbox 656 3458 791 3522; x_wconf 88' lang='lat' dir='ltr'>fratrem</span> <span class='ocrx_word' id='word_1_230' title='bbox 807 3458 900 3523; x_wconf 91' lang='lat' dir='ltr'>dolus</span> <span class='ocrx_word' id='word_1_231' title='bbox 916 3458 1045 3527; x_wconf 84' lang='lat' dir='ltr'>Acholii</span> <span class='ocrx_word' id='word_1_232' title='bbox 1061 3461 1218 3522; x_wconf 89' lang='lat' dir='ltr'>curatoris</span> <span class='ocrx_word' id='word_1_233' title='bbox 1233 3459 1314 3522; x_wconf 88' lang='lat' dir='ltr'>asci-</span> 
     </span>
     <span class='ocr_line' id='line_1_31' title="bbox 131 3559 1316 3648; baseline 0 -23"><span class='ocrx_word' id='word_1_234' title='bbox 131 3584 161 3624; x_wconf 79' lang='lat' dir='ltr'>ae</span> <span class='ocrx_word' id='word_1_235' title='bbox 173 3570 276 3642; x_wconf 89' lang='lat' dir='ltr'>uerat,</span> <span class='ocrx_word' id='word_1_236' title='bbox 292 3560 412 3646; x_wconf 86' lang='lat' dir='ltr'>integri</span> <span class='ocrx_word' id='word_1_237' title='bbox 426 3561 692 3625; x_wconf 90' lang='lat' dir='ltr'>restaurationem</span> <span class='ocrx_word' id='word_1_238' title='bbox 710 3562 864 3645; x_wconf 87' lang='lat' dir='ltr'>suffragio</span> <span class='ocrx_word' id='word_1_239' title='bbox 879 3564 958 3626; x_wconf 92' lang='lat' dir='ltr'>iuris</span> <span class='ocrx_word' id='word_1_240' title='bbox 972 3565 1109 3648; x_wconf 87' lang='lat' dir='ltr'>aceepit.</span> <span class='ocrx_word' id='word_1_241' title='bbox 1132 3561 1190 3625; x_wconf 91' lang='lat' dir='ltr'>sed</span> <span class='ocrx_word' id='word_1_242' title='bbox 1206 3559 1316 3625; x_wconf 89' lang='lat' dir='ltr'>multis</span> 
     </span>
    </p>
   </div>
   <div class='ocr_carea' id='block_1_5' title="bbox 170 3779 1316 4236">
    <p class='ocr_par' dir='ltr' id='par_1_8' title="bbox 170 3779 1316 4119">
     <span class='ocr_line' id='line_1_32' title="bbox 243 3779 1313 3848; baseline 0.001 -16"><span class='ocrx_word' id='word_1_243' title='bbox 243 3786 255 3833; x_wconf 96' lang='lat'>1</span> <span class='ocrx_word' id='word_1_244' title='bbox 276 3781 318 3842; x_wconf 85' lang='lat' dir='ltr'>est</span> <span class='ocrx_word' id='word_1_245' title='bbox 336 3780 478 3832; x_wconf 88' lang='lat' dir='ltr'>consultus</span> <span class='ocrx_word' id='word_1_246' title='bbox 496 3780 558 3833; x_wconf 79' lang='lat' dir='ltr'>edd.</span> <span class='ocrx_word' id='word_1_247' title='bbox 627 3796 645 3832; x_wconf 87' lang='lat' dir='ltr'>a</span> <span class='ocrx_word' id='word_1_248' title='bbox 661 3793 711 3833; x_wconf 80' lang='lat' dir='ltr'>orn.</span> <span class='ocrx_word' id='word_1_249' title='bbox 731 3779 793 3833; x_wconf 80' lang='lat' dir='ltr'>edd.</span> <span class='ocrx_word' id='word_1_250' title='bbox 863 3781 1082 3848; x_wconf 86' lang='lat' dir='ltr'>prouocantibus</span> <span class='ocrx_word' id='word_1_251' title='bbox 1100 3797 1162 3835; x_wconf 80' lang='lat' dir='ltr'>uos:</span> <span class='ocrx_word' id='word_1_252' title='bbox 1180 3795 1313 3848; x_wconf 84' lang='lat' dir='ltr'>prouoca-</span> 
     </span>
     <span class='ocr_line' id='line_1_33' title="bbox 172 3847 1316 3916; baseline 0 -15"><span class='ocrx_word' id='word_1_253' title='bbox 172 3849 282 3902; x_wconf 87' lang='lat' dir='ltr'>toribus</span> <span class='ocrx_word' id='word_1_254' title='bbox 308 3847 437 3902; x_wconf 78' lang='lat' dir='ltr'>Gentium</span> <span class='ocrx_word' id='word_1_255' title='bbox 458 3847 604 3902; x_wconf 78' lang='lat' dir='ltr'>coniecisse</span> <span class='ocrx_word' id='word_1_256' title='bbox 621 3847 686 3901; x_wconf 81' lang='lat' dir='ltr'>Jur.</span> <span class='ocrx_word' id='word_1_257' title='bbox 709 3850 735 3901; x_wconf 77' lang='lat'>2.</span> <span class='ocrx_word' id='word_1_258' title='bbox 760 3847 844 3911; x_wconf 82' lang='lat' dir='ltr'>dicit,</span> <span class='ocrx_word' id='word_1_259' title='bbox 863 3848 1109 3916; x_wconf 86' lang='lat' dir='ltr'>prouocationibus</span> <span class='ocrx_word' id='word_1_260' title='bbox 1129 3854 1149 3899; x_wconf 81' lang='grc' dir='ltr'><strong>Τ</strong></span> <span class='ocrx_word' id='word_1_261' title='bbox 1168 3848 1229 3904; x_wconf 81' lang='lat' dir='ltr'>edd.</span> <span class='ocrx_word' id='word_1_262' title='bbox 1314 3867 1316 3873; x_wconf 61' lang='lat'><strong><em>¹</em></strong></span> 
     </span>
     <span class='ocr_line' id='line_1_34' title="bbox 172 3915 1311 3984; baseline 0 -14"><span class='ocrx_word' id='word_1_263' title='bbox 172 3915 457 3984; x_wconf 75' lang='lat' dir='ltr'>30preptron1busT</span> <span class='ocrx_word' id='word_1_264' title='bbox 527 3915 650 3968; x_wconf 83' lang='lat' dir='ltr'>5multa</span> <span class='ocrx_word' id='word_1_265' title='bbox 667 3919 692 3968; x_wconf 86' lang='lat' dir='ltr'>et</span> <span class='ocrx_word' id='word_1_266' title='bbox 716 3915 852 3967; x_wconf 64' lang='lat' dir='ltr'>exactat</span> <span class='ocrx_word' id='word_1_267' title='bbox 921 3916 1167 3984; x_wconf 83' lang='lat' dir='ltr'>9prouocationis</span> <span class='ocrx_word' id='word_1_268' title='bbox 1191 3915 1265 3969; x_wconf 85' lang='lat' dir='ltr'>Lect.</span> <span class='ocrx_word' id='word_1_269' title='bbox 1284 3920 1311 3970; x_wconf 83' lang='lat'>2.</span> 
     </span>
     <span class='ocr_line' id='line_1_35' title="bbox 170 3982 1235 4051; baseline -0.003 -15"><span class='ocrx_word' id='word_1_270' title='bbox 170 3999 243 4051; x_wconf 73' lang='lat' dir='ltr'>sqq:</span> <span class='ocrx_word' id='word_1_271' title='bbox 260 3982 434 4050; x_wconf 86' lang='lat' dir='ltr'>probationis</span> <span class='ocrx_word' id='word_1_272' title='bbox 452 3988 471 4033; x_wconf 79' lang='grc' dir='ltr'><strong>Τ</strong></span> <span class='ocrx_word' id='word_1_273' title='bbox 492 3983 551 4037; x_wconf 75' lang='grc' dir='ltr'>θεῖ.</span> <span class='ocrx_word' id='word_1_274' title='bbox 569 3998 625 4051; x_wconf 79' lang='lat' dir='ltr'>sqq.</span> <span class='ocrx_word' id='word_1_275' title='bbox 707 3988 735 4034; x_wconf 92' lang='lat' dir='ltr'>ll</span> <span class='ocrx_word' id='word_1_276' title='bbox 756 3983 785 4035; x_wconf 88' lang='lat' dir='ltr'>et</span> <span class='ocrx_word' id='word_1_277' title='bbox 801 3997 852 4035; x_wconf 82' lang='lat' dir='ltr'>om.</span> <span class='ocrx_word' id='word_1_278' title='bbox 871 3984 933 4037; x_wconf 81' lang='lat' dir='ltr'>edd.</span> <span class='ocrx_word' id='word_1_279' title='bbox 1012 3983 1235 4051; x_wconf 79' lang='lat' dir='ltr'>quorumdam&#39;r</span> 
     </span>
     <span class='ocr_line' id='line_1_36' title="bbox 173 4050 1033 4119; baseline -0.002 -15"><span class='ocrx_word' id='word_1_280' title='bbox 173 4057 206 4105; x_wconf 90' lang='lat'>13</span> <span class='ocrx_word' id='word_1_281' title='bbox 224 4066 332 4103; x_wconf 88' lang='lat' dir='ltr'>cessare</span> <span class='ocrx_word' id='word_1_282' title='bbox 351 4057 383 4102; x_wconf 73' lang='grc' dir='ltr'>Τε</span> <span class='ocrx_word' id='word_1_283' title='bbox 403 4067 461 4104; x_wconf 87' lang='lat' dir='ltr'>esse</span> <span class='ocrx_word' id='word_1_284' title='bbox 482 4051 542 4104; x_wconf 84' lang='lat' dir='ltr'>edd.</span> <span class='ocrx_word' id='word_1_285' title='bbox 612 4055 643 4102; x_wconf 81' lang='lat'>14</span> <span class='ocrx_word' id='word_1_286' title='bbox 661 4050 777 4119; x_wconf 77' lang='lat' dir='ltr'>gent1T</span> <span class='ocrx_word' id='word_1_287' title='bbox 849 4057 880 4105; x_wconf 89' lang='lat'>18</span> <span class='ocrx_word' id='word_1_288' title='bbox 898 4052 947 4104; x_wconf 88' lang='lat' dir='ltr'>ad:</span> <span class='ocrx_word' id='word_1_289' title='bbox 967 4052 1033 4105; x_wconf 76' lang='lat' dir='ltr'>etT</span> 
     </span>
    </p>

    <p class='ocr_par' dir='ltr' id='par_1_9' title="bbox 240 4115 1312 4236">
     <span class='ocr_line' id='line_1_37' title="bbox 240 4115 1312 4236; baseline 0.001 -68"><span class='ocrx_word' id='word_1_290' title='bbox 240 4117 289 4172; x_wconf 86' lang='lat' dir='ltr'>rel.</span> <span class='ocrx_word' id='word_1_291' title='bbox 301 4124 341 4170; x_wconf 81' lang='lat'>39.</span> <span class='ocrx_word' id='word_1_292' title='bbox 364 4117 424 4171; x_wconf 83' lang='lat' dir='ltr'>Gel.</span> <span class='ocrx_word' id='word_1_293' title='bbox 435 4125 475 4172; x_wconf 85' lang='lat'>38.</span> <span class='ocrx_word' id='word_1_294' title='bbox 498 4118 556 4170; x_wconf 87' lang='lat' dir='ltr'>Jur.</span> <span class='ocrx_word' id='word_1_295' title='bbox 568 4123 608 4171; x_wconf 77' lang='lat'>52.</span> <span class='ocrx_word' id='word_1_296' title='bbox 632 4117 694 4170; x_wconf 88' lang='lat' dir='ltr'>Par.</span> <span class='ocrx_word' id='word_1_297' title='bbox 704 4123 745 4175; x_wconf 81' lang='lat'>59.</span> <span class='ocrx_word' id='word_1_298' title='bbox 770 4124 802 4171; x_wconf 79' lang='lat'>22</span> <span class='ocrx_word' id='word_1_299' title='bbox 814 4116 847 4171; x_wconf 91' lang='lat' dir='ltr'>D.</span> <span class='ocrx_word' id='word_1_300' title='bbox 858 4117 1016 4172; x_wconf 81' lang='lat' dir='ltr'>Theodosio</span> <span class='ocrx_word' id='word_1_301' title='bbox 1026 4135 1138 4186; x_wconf 88' lang='lat' dir='ltr'>semper</span> <span class='ocrx_word' id='word_1_302' title='bbox 1149 4117 1221 4236; x_wconf 67' lang='lat' dir='ltr'>hup.</span> <span class='ocrx_word' id='word_1_303' title='bbox 1234 4115 1312 4184; x_wconf 83' lang='lat' dir='ltr'>Sym-</span> 
     </span>
    </p>
   </div>
   <div class='ocr_carea' id='block_1_6' title="bbox 170 4183 1313 4456">
    <p class='ocr_par' dir='ltr' id='par_1_10' title="bbox 170 4183 1313 4252">
     <span class='ocr_line' id='line_1_38' title="bbox 170 4183 1313 4252; baseline -0.002 -13"><span class='ocrx_word' id='word_1_304' title='bbox 170 4186 288 4239; x_wconf 86' lang='lat' dir='ltr'>machus</span> <span class='ocrx_word' id='word_1_305' title='bbox 306 4184 396 4242; x_wconf 85' lang='lat' dir='ltr'>Praef.</span> <span class='ocrx_word' id='word_1_306' title='bbox 414 4185 498 4238; x_wconf 89' lang='lat' dir='ltr'>Urbis</span> <span class='ocrx_word' id='word_1_307' title='bbox 516 4186 576 4243; x_wconf 81' lang='lat' dir='ltr'>edd.</span> <span class='ocrx_word' id='word_1_308' title='bbox 646 4191 679 4238; x_wconf 82' lang='lat'>26</span> <span class='ocrx_word' id='word_1_309' title='bbox 696 4188 816 4238; x_wconf 85' lang='lat' dir='ltr'>reeurmt</span> <span class='ocrx_word' id='word_1_310' title='bbox 833 4202 866 4238; x_wconf 81' lang='lat' dir='ltr'>ce</span> <span class='ocrx_word' id='word_1_311' title='bbox 883 4185 942 4242; x_wconf 90' lang='lat' dir='ltr'>dee.</span> <span class='ocrx_word' id='word_1_312' title='bbox 961 4192 1070 4243; x_wconf 65' lang='lat' dir='ltr'>corat·</span> <span class='ocrx_word' id='word_1_313' title='bbox 1139 4183 1172 4238; x_wconf 91' lang='lat' dir='ltr'>D.</span> <span class='ocrx_word' id='word_1_314' title='bbox 1204 4195 1313 4252; x_wconf 89' lang='lat' dir='ltr'>mpera-</span> 
     </span>
    </p>

    <p class='ocr_par' dir='ltr' id='par_1_11' title="bbox 170 4251 1312 4323">
     <span class='ocr_line' id='line_1_39' title="bbox 170 4251 1312 4323; baseline 0.001 -18"><span class='ocrx_word' id='word_1_315' title='bbox 170 4255 217 4306; x_wconf 88' lang='lat' dir='ltr'>tor</span> <span class='ocrx_word' id='word_1_316' title='bbox 239 4252 301 4323; x_wconf 72' lang='lat' dir='ltr'>edd.</span> <span class='ocrx_word' id='word_1_317' title='bbox 375 4260 528 4321; x_wconf 65' lang='lat' dir='ltr'>negocur</span> <span class='ocrx_word' id='word_1_318' title='bbox 602 4259 634 4307; x_wconf 77' lang='lat'>27</span> <span class='ocrx_word' id='word_1_319' title='bbox 658 4251 691 4306; x_wconf 91' lang='lat' dir='ltr'>dc</span> <span class='ocrx_word' id='word_1_320' title='bbox 714 4255 784 4306; x_wconf 86' lang='lat' dir='ltr'>escit</span> <span class='ocrx_word' id='word_1_321' title='bbox 805 4253 865 4306; x_wconf 82' lang='lat' dir='ltr'>edd.</span> <span class='ocrx_word' id='word_1_322' title='bbox 939 4259 1085 4306; x_wconf 75' lang='lat' dir='ltr'>annosaT</span> <span class='ocrx_word' id='word_1_323' title='bbox 1154 4258 1187 4306; x_wconf 79' lang='lat'>28</span> <span class='ocrx_word' id='word_1_324' title='bbox 1205 4253 1312 4320; x_wconf 85' lang='lat' dir='ltr'>syntro-</span> 
     </span>
    </p>

    <p class='ocr_par' dir='ltr' id='par_1_12' title="bbox 170 4270 1311 4456">
     <span class='ocr_line' id='line_1_40' title="bbox 170 4270 1311 4398; baseline 0 -24"><span class='ocrx_word' id='word_1_325' title='bbox 170 4321 260 4390; x_wconf 87' lang='lat' dir='ltr'>phum</span> <span class='ocrx_word' id='word_1_326' title='bbox 278 4319 359 4374; x_wconf 79' lang='lat' dir='ltr'>Sace:</span> <span class='ocrx_word' id='word_1_327' title='bbox 378 4320 579 4398; x_wconf 74' lang='lat' dir='ltr'>syntrophium</span> <span class='ocrx_word' id='word_1_328' title='bbox 598 4327 617 4372; x_wconf 79' lang='grc' dir='ltr'><strong>Τ</strong></span> <span class='ocrx_word' id='word_1_329' title='bbox 636 4326 661 4374; x_wconf 84' lang='lat' dir='ltr'>ct</span> <span class='ocrx_word' id='word_1_330' title='bbox 679 4270 740 4374; x_wconf 71' lang='lat' dir='ltr'>edd.</span> <span class='ocrx_word' id='word_1_331' title='bbox 810 4327 843 4375; x_wconf 90' lang='lat'>30</span> <span class='ocrx_word' id='word_1_332' title='bbox 864 4320 1004 4389; x_wconf 85' lang='lat' dir='ltr'>integram</span> <span class='ocrx_word' id='word_1_333' title='bbox 1025 4319 1231 4374; x_wconf 86' lang='lat' dir='ltr'>restitutionem</span> <span class='ocrx_word' id='word_1_334' title='bbox 1249 4321 1311 4374; x_wconf 79' lang='lat' dir='ltr'>edd.</span> 
     </span>
     <span class='ocr_line' id='line_1_41' title="bbox 241 4388 1042 4456; baseline 0.002 -16"><span class='ocrx_word' id='word_1_335' title='bbox 241 4388 356 4456; x_wconf 84' lang='lat' dir='ltr'>(integri</span> <span class='ocrx_word' id='word_1_336' title='bbox 373 4389 606 4442; x_wconf 82' lang='lat' dir='ltr'>restaurahonem</span> <span class='ocrx_word' id='word_1_337' title='bbox 624 4389 699 4443; x_wconf 81' lang='lat' dir='ltr'>alias</span> <span class='ocrx_word' id='word_1_338' title='bbox 715 4388 821 4444; x_wconf 71' lang='lat' dir='ltr'>diamse</span> <span class='ocrx_word' id='word_1_339' title='bbox 837 4404 894 4442; x_wconf 79' lang='lat' dir='ltr'>non</span> <span class='ocrx_word' id='word_1_340' title='bbox 909 4388 1042 4456; x_wconf 65' lang='lat' dir='ltr'>uidear.)</span> 
     </span>
    </p>
   </div>
   <div class='ocr_carea' id='block_1_7' title="bbox 0 0 1490 5122">
    <p class='ocr_par' dir='ltr' id='par_1_13' title="bbox 0 0 1490 5122">
     <span class='ocr_line' id='line_1_42' title="bbox 0 0 1490 5122; baseline 0 3"><span class='ocrx_word' id='word_1_341' title='bbox 0 0 1490 5122; x_wconf 95' lang='lat' dir='ltr'> </span> 
     </span>
    </p>
   </div>
  </div>
 </body>
</html>
