<?xml version="1.0" encoding="UTF-8"?>
<!DOCTYPE html PUBLIC "-//W3C//DTD XHTML 1.0 Transitional//EN"
    "http://www.w3.org/TR/xhtml1/DTD/xhtml1-transitional.dtd">
<html xmlns="http://www.w3.org/1999/xhtml" xml:lang="en" lang="en">
 <head>
  <title>
</title>
<meta http-equiv="Content-Type" content="text/html;charset=utf-8" />
  <meta name='ocr-system' content='tesseract 3.04.00' />
  <meta name='ocr-capabilities' content='ocr_page ocr_carea ocr_par ocr_line ocrx_word'/>
</head>
<body>
  <div class='ocr_page' id='page_1' title='image "./qaureliisymnach00meyegoog_0046.png"; bbox 0 0 2970 5122; ppageno 0'>
   <div class='ocr_carea' id='block_1_1' title="bbox 441 322 1229 408">
    <p class='ocr_par' dir='ltr' id='par_1_1' title="bbox 441 322 1229 408">
     <span class='ocr_line' id='line_1_1' title="bbox 441 322 1229 408; baseline 0.004 -24"><span class='ocrx_word' id='word_1_1' title='bbox 441 333 623 384; x_wconf 74' lang='lat' dir='ltr'><strong>sunnacnr</strong></span> <span class='ocrx_word' id='word_1_2' title='bbox 645 335 799 384; x_wconf 73' lang='lat' dir='ltr'><strong>aunario</strong></span> <span class='ocrx_word' id='word_1_3' title='bbox 823 327 873 385; x_wconf 87' lang='grc'><strong>23.</strong></span> <span class='ocrx_word' id='word_1_4' title='bbox 1188 322 1229 408; x_wconf 76' lang='lat'><strong>33</strong></span> 
     </span>
    </p>
   </div>
   <div class='ocr_carea' id='block_1_2' title="bbox 42 467 1321 2399">
    <p class='ocr_par' dir='ltr' id='par_1_2' title="bbox 42 467 1321 2399">
     <span class='ocr_line' id='line_1_2' title="bbox 83 467 1232 558; baseline 0.003 -24"><span class='ocrx_word' id='word_1_5' title='bbox 83 468 131 534; x_wconf 91' lang='lat' dir='ltr'><strong>ad</strong></span> <span class='ocrx_word' id='word_1_6' title='bbox 147 467 235 534; x_wconf 77' lang='lat' dir='ltr'><strong>Circi</strong></span> <span class='ocrx_word' id='word_1_7' title='bbox 250 470 462 536; x_wconf 88' lang='lat' dir='ltr'><strong>secretarium</strong></span> <span class='ocrx_word' id='word_1_8' title='bbox 484 469 668 536; x_wconf 88' lang='lat' dir='ltr'><strong>conuolauit</strong></span> <span class='ocrx_word' id='word_1_9' title='bbox 696 471 775 536; x_wconf 88' lang='lat' dir='ltr'><strong>facti</strong></span> <span class='ocrx_word' id='word_1_10' title='bbox 796 471 903 539; x_wconf 79' lang='lat' dir='ltr'><strong>illiciti</strong></span> <span class='ocrx_word' id='word_1_11' title='bbox 930 471 1042 536; x_wconf 91' lang='lat' dir='ltr'><strong>uolens</strong></span> <span class='ocrx_word' id='word_1_12' title='bbox 1065 483 1232 558; x_wconf 88' lang='lat' dir='ltr'><strong>praestare</strong></span> 
     </span>
     <span class='ocr_line' id='line_1_3' title="bbox 83 571 1231 658; baseline 0.002 -21"><span class='ocrx_word' id='word_1_13' title='bbox 83 571 263 653; x_wconf 86' lang='lat' dir='ltr'><strong>rationem,</strong></span> <span class='ocrx_word' id='word_1_14' title='bbox 291 572 380 658; x_wconf 92' lang='lat' dir='ltr'><strong>quod</strong></span> <span class='ocrx_word' id='word_1_15' title='bbox 409 573 472 638; x_wconf 84' lang='lat' dir='ltr'><strong>sibi</strong></span> <span class='ocrx_word' id='word_1_16' title='bbox 500 582 621 637; x_wconf 90' lang='lat' dir='ltr'><strong>metum</strong></span> <span class='ocrx_word' id='word_1_17' title='bbox 650 575 751 638; x_wconf 90' lang='lat' dir='ltr'><strong>fuisse</strong></span> <span class='ocrx_word' id='word_1_18' title='bbox 780 573 926 657; x_wconf 88' lang='lat' dir='ltr'><strong>dicebat,</strong></span> <span class='ocrx_word' id='word_1_19' title='bbox 956 598 996 638; x_wconf 90' lang='lat' dir='ltr'><strong>ne</strong></span> <span class='ocrx_word' id='word_1_20' title='bbox 1026 574 1128 640; x_wconf 90' lang='lat' dir='ltr'><strong>officii</strong></span> <span class='ocrx_word' id='word_1_21' title='bbox 1155 574 1231 639; x_wconf 93' lang='lat' dir='ltr'><strong>sub-</strong></span> 
     </span>
     <span class='ocr_line' id='line_1_4' title="bbox 83 674 1231 764; baseline 0.002 -25"><span class='ocrx_word' id='word_1_22' title='bbox 83 685 260 740; x_wconf 84' lang='lat' dir='ltr'>ornaretur</span> <span class='ocrx_word' id='word_1_23' title='bbox 275 674 427 760; x_wconf 90' lang='lat' dir='ltr'><strong>impulsu.</strong></span> <span class='ocrx_word' id='word_1_24' title='bbox 472 678 666 758; x_wconf 89' lang='lat' dir='ltr'><strong>expectatis,</strong></span> <span class='ocrx_word' id='word_1_25' title='bbox 689 677 797 758; x_wconf 88' lang='lat' dir='ltr'><strong>credo,</strong></span> <span class='ocrx_word' id='word_1_26' title='bbox 815 678 1040 760; x_wconf 80' lang='lat' dir='ltr'><strong>augustissimi</strong></span> <span class='ocrx_word' id='word_1_27' title='bbox 1055 678 1231 764; x_wconf 84' lang='lat' dir='ltr'><strong>principes,</strong></span> 
     </span>
     <span class='ocr_line' id='line_1_5' title="bbox 82 777 1231 862; baseline 0.003 -22"><span class='ocrx_word' id='word_1_28' title='bbox 82 786 124 841; x_wconf 92' lang='lat' dir='ltr'><strong>ut</strong></span> <span class='ocrx_word' id='word_1_29' title='bbox 150 777 332 862; x_wconf 80' lang='lat' dir='ltr'><strong>praefectus</strong></span> <span class='ocrx_word' id='word_1_30' title='bbox 366 785 399 840; x_wconf 95' lang='lat' dir='ltr'><strong>et</strong></span> <span class='ocrx_word' id='word_1_31' title='bbox 425 777 541 841; x_wconf 91' lang='lat' dir='ltr'><strong>iudicii</strong></span> <span class='ocrx_word' id='word_1_32' title='bbox 566 780 670 844; x_wconf 89' lang='lat' dir='ltr'><strong>uestri</strong></span> <span class='ocrx_word' id='word_1_33' title='bbox 698 800 831 843; x_wconf 87' lang='lat' dir='ltr'><strong>securus</strong></span> <span class='ocrx_word' id='word_1_34' title='bbox 859 786 892 843; x_wconf 87' lang='lat' dir='ltr'><strong>et</strong></span> <span class='ocrx_word' id='word_1_35' title='bbox 920 779 1124 845; x_wconf 77' lang='lat' dir='ltr'><strong>innocentiae</strong></span> <span class='ocrx_word' id='word_1_36' title='bbox 1153 801 1231 844; x_wconf 90' lang='lat' dir='ltr'><strong>suae</strong></span> 
     </span>
     <span class='ocr_line' id='line_1_6' title="bbox 52 877 1230 968; baseline 0.003 -25"><span class='ocrx_word' id='word_1_37' title='bbox 52 877 213 964; x_wconf 75' lang='lat' dir='ltr'><strong>saliquid</strong></span> <span class='ocrx_word' id='word_1_38' title='bbox 240 900 389 943; x_wconf 86' lang='lat' dir='ltr'><strong>seuerum</strong></span> <span class='ocrx_word' id='word_1_39' title='bbox 416 881 582 944; x_wconf 87' lang='lat' dir='ltr'><strong>censuisse</strong></span> <span class='ocrx_word' id='word_1_40' title='bbox 608 881 745 945; x_wconf 86' lang='lat' dir='ltr'><strong>dicatur.</strong></span> <span class='ocrx_word' id='word_1_41' title='bbox 791 880 911 962; x_wconf 87' lang='lat' dir='ltr'><strong>fateor,</strong></span> <span class='ocrx_word' id='word_1_42' title='bbox 942 903 1048 968; x_wconf 87' lang='lat' dir='ltr'><strong>neque</strong></span> <span class='ocrx_word' id='word_1_43' title='bbox 1076 883 1230 968; x_wconf 85' lang='lat' dir='ltr'><strong>paenitet,</strong></span> 
     </span>
     <span class='ocr_line' id='line_1_7' title="bbox 83 979 1229 1069; baseline 0.003 -24"><span class='ocrx_word' id='word_1_44' title='bbox 83 983 231 1045; x_wconf 89' lang='lat' dir='ltr'><strong>animum</strong></span> <span class='ocrx_word' id='word_1_45' title='bbox 258 983 454 1067; x_wconf 89' lang='lat' dir='ltr'><strong>temperaui,</strong></span> <span class='ocrx_word' id='word_1_46' title='bbox 485 980 563 1045; x_wconf 93' lang='lat' dir='ltr'><strong>dum</strong></span> <span class='ocrx_word' id='word_1_47' title='bbox 591 991 713 1046; x_wconf 87' lang='lat' dir='ltr'><strong>certam</strong></span> <span class='ocrx_word' id='word_1_48' title='bbox 743 984 783 1046; x_wconf 92' lang='lat' dir='ltr'><strong>de</strong></span> <span class='ocrx_word' id='word_1_49' title='bbox 805 979 901 1048; x_wconf 86' lang='lat' dir='ltr'><strong>uobis</strong></span> <span class='ocrx_word' id='word_1_50' title='bbox 925 1006 1019 1069; x_wconf 90' lang='lat' dir='ltr'><strong>spero</strong></span> <span class='ocrx_word' id='word_1_51' title='bbox 1042 982 1229 1049; x_wconf 88' lang='lat' dir='ltr'><strong>uindictam.</strong></span> 
     </span>
     <span class='ocr_line' id='line_1_8' title="bbox 83 1081 1282 1170; baseline 0.004 -22"><span class='ocrx_word' id='word_1_52' title='bbox 83 1085 202 1164; x_wconf 87' lang='lat' dir='ltr'><strong>statui,</strong></span> <span class='ocrx_word' id='word_1_53' title='bbox 230 1092 267 1147; x_wconf 90' lang='lat' dir='ltr'><strong>ut</strong></span> <span class='ocrx_word' id='word_1_54' title='bbox 287 1081 384 1148; x_wconf 87' lang='lat' dir='ltr'><strong>Felix</strong></span> <span class='ocrx_word' id='word_1_55' title='bbox 410 1084 568 1165; x_wconf 88' lang='lat' dir='ltr'><strong>uadibus,</strong></span> <span class='ocrx_word' id='word_1_56' title='bbox 598 1085 655 1168; x_wconf 92' lang='lat' dir='ltr'><strong>qui</strong></span> <span class='ocrx_word' id='word_1_57' title='bbox 676 1083 852 1168; x_wconf 89' lang='lat' dir='ltr'><strong>Fulgentio</strong></span> <span class='ocrx_word' id='word_1_58' title='bbox 880 1108 946 1151; x_wconf 92' lang='lat' dir='ltr'><strong>non</strong></span> <span class='ocrx_word' id='word_1_59' title='bbox 968 1084 1076 1150; x_wconf 85' lang='lat' dir='ltr'><strong>ess&#39;eut</strong></span> <span class='ocrx_word' id='word_1_60' title='bbox 1089 1087 1230 1170; x_wconf 84' lang='lat' dir='ltr'><strong>cogniti,</strong></span> <span class='ocrx_word' id='word_1_61' title='bbox 1250 1107 1282 1154; x_wconf 92' lang='lat'><strong>10</strong></span> 
     </span>
     <span class='ocr_line' id='line_1_9' title="bbox 84 1185 1230 1276; baseline 0.003 -28"><span class='ocrx_word' id='word_1_62' title='bbox 84 1185 281 1252; x_wconf 85' lang='lat' dir='ltr'><strong>traderetur.</strong></span> <span class='ocrx_word' id='word_1_63' title='bbox 315 1185 395 1272; x_wconf 90' lang='lat' dir='ltr'><strong>quid</strong></span> <span class='ocrx_word' id='word_1_64' title='bbox 417 1185 529 1251; x_wconf 89' lang='lat' dir='ltr'><strong>mitius</strong></span> <span class='ocrx_word' id='word_1_65' title='bbox 551 1187 681 1250; x_wconf 88' lang='lat' dir='ltr'><strong>decerni</strong></span> <span class='ocrx_word' id='word_1_66' title='bbox 704 1186 783 1272; x_wconf 92' lang='lat' dir='ltr'><strong>quid</strong></span> <span class='ocrx_word' id='word_1_67' title='bbox 805 1190 972 1254; x_wconf 87' lang='lat' dir='ltr'><strong>remissius</strong></span> <span class='ocrx_word' id='word_1_68' title='bbox 995 1189 1125 1276; x_wconf 82' lang='lat' dir='ltr'><strong>potuit?</strong></span> <span class='ocrx_word' id='word_1_69' title='bbox 1152 1199 1230 1254; x_wconf 92' lang='lat' dir='ltr'><strong>tunc</strong></span> 
     </span>
     <span class='ocr_line' id='line_1_10' title="bbox 84 1286 1321 1374; baseline 0.004 -23"><span class='ocrx_word' id='word_1_70' title='bbox 84 1286 143 1351; x_wconf 93' lang='lat' dir='ltr'><strong>ille</strong></span> <span class='ocrx_word' id='word_1_71' title='bbox 177 1296 341 1374; x_wconf 79' lang='lat' dir='ltr'><strong>tamquam</strong></span> <span class='ocrx_word' id='word_1_72' title='bbox 370 1310 521 1352; x_wconf 87' lang='lat' dir='ltr'><strong>cessurus</strong></span> <span class='ocrx_word' id='word_1_73' title='bbox 551 1287 725 1373; x_wconf 87' lang='lat' dir='ltr'><strong>egreditur.</strong></span> <span class='ocrx_word' id='word_1_74' title='bbox 769 1288 828 1353; x_wconf 89' lang='lat' dir='ltr'><strong>sed</strong></span> <span class='ocrx_word' id='word_1_75' title='bbox 855 1311 927 1353; x_wconf 89' lang='lat' dir='ltr'><strong>cum</strong></span> <span class='ocrx_word' id='word_1_76' title='bbox 961 1292 1004 1355; x_wconf 91' lang='lat' dir='ltr'><strong>ad</strong></span> <span class='ocrx_word' id='word_1_77' title='bbox 1032 1291 1129 1355; x_wconf 88' lang='lat' dir='ltr'><strong>aedes</strong></span> <span class='ocrx_word' id='word_1_78' title='bbox 1160 1294 1228 1356; x_wconf 89' lang='lat' dir='ltr'><strong>eius</strong></span> <span class='ocrx_word' id='word_1_79' title='bbox 1318 1300 1321 1305; x_wconf 88' lang='grc'><strong>’</strong></span> 
     </span>
     <span class='ocr_line' id='line_1_11' title="bbox 42 1389 1231 1487; baseline 0.005 -37"><span class='ocrx_word' id='word_1_80' title='bbox 42 1413 72 1450; x_wconf 83' lang='grc' dir='ltr'><strong>ιο</strong></span> <span class='ocrx_word' id='word_1_81' title='bbox 85 1389 188 1454; x_wconf 86' lang='lat' dir='ltr'><strong>semel</strong></span> <span class='ocrx_word' id='word_1_82' title='bbox 209 1399 308 1476; x_wconf 89' lang='lat' dir='ltr'><strong>atque</strong></span> <span class='ocrx_word' id='word_1_83' title='bbox 328 1392 447 1454; x_wconf 89' lang='lat' dir='ltr'><strong>iterum</strong></span> <span class='ocrx_word' id='word_1_84' title='bbox 468 1391 620 1487; x_wconf 86' lang='lat' dir='ltr'><strong>princeps</strong></span> <span class='ocrx_word' id='word_1_85' title='bbox 642 1391 744 1454; x_wconf 86' lang='lat' dir='ltr'><strong>officii</strong></span> <span class='ocrx_word' id='word_1_86' title='bbox 759 1401 971 1456; x_wconf 87' lang='lat' dir='ltr'><strong>commeasset</strong></span> <span class='ocrx_word' id='word_1_87' title='bbox 986 1402 1018 1457; x_wconf 84' lang='lat' dir='ltr'><strong>et</strong></span> <span class='ocrx_word' id='word_1_88' title='bbox 1033 1391 1231 1457; x_wconf 88' lang='lat' dir='ltr'><strong>obstinatam</strong></span> 
     </span>
     <span class='ocr_line' id='line_1_12' title="bbox 84 1491 1228 1582; baseline 0.003 -27"><span class='ocrx_word' id='word_1_89' title='bbox 84 1491 226 1556; x_wconf 91' lang='lat' dir='ltr'><strong>hominis</strong></span> <span class='ocrx_word' id='word_1_90' title='bbox 254 1493 490 1572; x_wconf 79' lang='lat' dir='ltr'><strong>contumaciam</strong></span> <span class='ocrx_word' id='word_1_91' title='bbox 512 1514 577 1555; x_wconf 93' lang='lat' dir='ltr'><strong>non</strong></span> <span class='ocrx_word' id='word_1_92' title='bbox 598 1503 709 1577; x_wconf 88' lang='lat' dir='ltr'><strong>posset</strong></span> <span class='ocrx_word' id='word_1_93' title='bbox 730 1493 913 1576; x_wconf 90' lang='lat' dir='ltr'><strong>inflectere,</strong></span> <span class='ocrx_word' id='word_1_94' title='bbox 941 1496 1071 1558; x_wconf 88' lang='lat' dir='ltr'><strong>inanem</strong></span> <span class='ocrx_word' id='word_1_95' title='bbox 1093 1517 1228 1582; x_wconf 86' lang='lat' dir='ltr'><strong>syngra-</strong></span> 
     </span>
     <span class='ocr_line' id='line_1_13' title="bbox 85 1594 1230 1680; baseline 0.003 -22"><span class='ocrx_word' id='word_1_96' title='bbox 85 1594 186 1679; x_wconf 90' lang='lat' dir='ltr'><strong>pham</strong></span> <span class='ocrx_word' id='word_1_97' title='bbox 209 1596 403 1675; x_wconf 87' lang='lat' dir='ltr'><strong>reportauit,</strong></span> <span class='ocrx_word' id='word_1_98' title='bbox 427 1617 492 1680; x_wconf 91' lang='lat' dir='ltr'><strong>qua</strong></span> <span class='ocrx_word' id='word_1_99' title='bbox 512 1594 763 1660; x_wconf 87' lang='lat' dir='ltr'><strong>redhibitionem</strong></span> <span class='ocrx_word' id='word_1_100' title='bbox 786 1595 904 1661; x_wconf 89' lang='lat' dir='ltr'><strong>Felicis</strong></span> <span class='ocrx_word' id='word_1_101' title='bbox 926 1599 961 1662; x_wconf 93' lang='lat' dir='ltr'><strong>in</strong></span> <span class='ocrx_word' id='word_1_102' title='bbox 982 1597 1119 1662; x_wconf 89' lang='lat' dir='ltr'><strong>alterum</strong></span> <span class='ocrx_word' id='word_1_103' title='bbox 1143 1596 1230 1661; x_wconf 90' lang='lat' dir='ltr'><strong>diem</strong></span> 
     </span>
     <span class='ocr_line' id='line_1_14' title="bbox 85 1690 1230 1784; baseline 0.003 -24"><span class='ocrx_word' id='word_1_104' title='bbox 85 1697 260 1782; x_wconf 87' lang='lat' dir='ltr'><strong>sponsione</strong></span> <span class='ocrx_word' id='word_1_105' title='bbox 282 1696 463 1762; x_wconf 78' lang='lat' dir='ltr'><strong>disurlerat.</strong></span> <span class='ocrx_word' id='word_1_106' title='bbox 501 1707 591 1762; x_wconf 91' lang='lat' dir='ltr'><strong>tenet</strong></span> <span class='ocrx_word' id='word_1_107' title='bbox 613 1695 702 1762; x_wconf 92' lang='lat' dir='ltr'><strong>domi</strong></span> <span class='ocrx_word' id='word_1_108' title='bbox 724 1707 852 1780; x_wconf 90' lang='lat' dir='ltr'><strong>testem,</strong></span> <span class='ocrx_word' id='word_1_109' title='bbox 876 1720 973 1784; x_wconf 89' lang='lat' dir='ltr'><strong>quem</strong></span> <span class='ocrx_word' id='word_1_110' title='bbox 989 1700 1029 1764; x_wconf 90' lang='lat' dir='ltr'><strong>de</strong></span> <span class='ocrx_word' id='word_1_111' title='bbox 1043 1690 1080 1765; x_wconf 89' lang='lat' dir='ltr'><strong>se</strong></span> <span class='ocrx_word' id='word_1_112' title='bbox 1094 1710 1230 1764; x_wconf 91' lang='lat' dir='ltr'><strong>nouerat</strong></span> 
     </span>
     <span class='ocr_line' id='line_1_15' title="bbox 84 1797 1228 1889; baseline 0.004 -28"><span class='ocrx_word' id='word_1_113' title='bbox 84 1797 296 1864; x_wconf 90' lang='lat' dir='ltr'><strong>audiendum.</strong></span> <span class='ocrx_word' id='word_1_114' title='bbox 329 1802 426 1864; x_wconf 89' lang='lat' dir='ltr'><strong>etiam</strong></span> <span class='ocrx_word' id='word_1_115' title='bbox 441 1800 536 1864; x_wconf 92' lang='lat' dir='ltr'><strong>huius</strong></span> <span class='ocrx_word' id='word_1_116' title='bbox 552 1800 690 1864; x_wconf 88' lang='lat' dir='ltr'><strong>iniuriae</strong></span> <span class='ocrx_word' id='word_1_117' title='bbox 704 1822 834 1864; x_wconf 87' lang='lat' dir='ltr'><strong>assumo</strong></span> <span class='ocrx_word' id='word_1_118' title='bbox 850 1802 1053 1886; x_wconf 85' lang='lat' dir='ltr'><strong>patientiam.</strong></span> <span class='ocrx_word' id='word_1_119' title='bbox 1087 1802 1228 1889; x_wconf 88' lang='lat' dir='ltr'><strong>culpate,</strong></span> 
     </span>
     <span class='ocr_line' id='line_1_16' title="bbox 45 1901 1228 1987; baseline 0.003 -23"><span class='ocrx_word' id='word_1_120' title='bbox 45 1917 72 1957; x_wconf 73' lang='lat'><strong>1⁵</strong></span> <span class='ocrx_word' id='word_1_121' title='bbox 86 1911 125 1964; x_wconf 92' lang='lat' dir='ltr'><strong>ut</strong></span> <span class='ocrx_word' id='word_1_122' title='bbox 146 1901 258 1982; x_wconf 89' lang='lat' dir='ltr'><strong>uultis,</strong></span> <span class='ocrx_word' id='word_1_123' title='bbox 280 1910 317 1965; x_wconf 90' lang='lat' dir='ltr'><strong>ut</strong></span> <span class='ocrx_word' id='word_1_124' title='bbox 339 1902 475 1985; x_wconf 90' lang='lat' dir='ltr'><strong>dignum</strong></span> <span class='ocrx_word' id='word_1_125' title='bbox 497 1912 556 1967; x_wconf 90' lang='lat' dir='ltr'><strong>est.</strong></span> <span class='ocrx_word' id='word_1_126' title='bbox 602 1904 683 1987; x_wconf 89' lang='lat' dir='ltr'><strong>sciui</strong></span> <span class='ocrx_word' id='word_1_127' title='bbox 706 1901 873 1966; x_wconf 92' lang='lat' dir='ltr'><strong>meliorem</strong></span> <span class='ocrx_word' id='word_1_128' title='bbox 895 1926 967 1967; x_wconf 88' lang='lat' dir='ltr'><strong>esse</strong></span> <span class='ocrx_word' id='word_1_129' title='bbox 988 1904 1133 1968; x_wconf 90' lang='lat' dir='ltr'><strong>iudicum</strong></span> <span class='ocrx_word' id='word_1_130' title='bbox 1155 1926 1228 1968; x_wconf 90' lang='lat' dir='ltr'><strong>cau-</strong></span> 
     </span>
     <span class='ocr_line' id='line_1_17' title="bbox 83 1989 1276 2090; baseline 0.005 -24"><span class='ocrx_word' id='word_1_131' title='bbox 83 2023 165 2085; x_wconf 88' lang='lat' dir='ltr'><strong>sam,</strong></span> <span class='ocrx_word' id='word_1_132' title='bbox 188 1989 409 2085; x_wconf 63' lang='lat' dir='ltr'><strong>quaesrerum</strong></span> <span class='ocrx_word' id='word_1_133' title='bbox 423 2002 562 2068; x_wconf 91' lang='lat' dir='ltr'><strong>dominis</strong></span> <span class='ocrx_word' id='word_1_134' title='bbox 585 2014 781 2069; x_wconf 89' lang='lat' dir='ltr'><strong>reseruatur.</strong></span> <span class='ocrx_word' id='word_1_135' title='bbox 825 2015 1045 2090; x_wconf 88' lang='lat' dir='ltr'><strong>expectamus,</strong></span> <span class='ocrx_word' id='word_1_136' title='bbox 1068 2017 1105 2072; x_wconf 91' lang='lat' dir='ltr'><strong>ut</strong></span> <span class='ocrx_word' id='word_1_137' title='bbox 1127 2006 1228 2072; x_wconf 90' lang='lat' dir='ltr'><strong>altero</strong></span> <span class='ocrx_word' id='word_1_138' title='bbox 1248 2017 1276 2063; x_wconf 86' lang='lat'><strong>11</strong></span> 
     </span>
     <span class='ocr_line' id='line_1_18' title="bbox 83 2104 1229 2191; baseline 0.004 -23"><span class='ocrx_word' id='word_1_139' title='bbox 83 2104 139 2168; x_wconf 88' lang='lat' dir='ltr'><strong>die</strong></span> <span class='ocrx_word' id='word_1_140' title='bbox 175 2107 323 2191; x_wconf 89' lang='lat' dir='ltr'><strong>quamuis</strong></span> <span class='ocrx_word' id='word_1_141' title='bbox 356 2105 533 2170; x_wconf 87' lang='lat' dir='ltr'><strong>instructus</strong></span> <span class='ocrx_word' id='word_1_142' title='bbox 568 2106 678 2172; x_wconf 90' lang='lat' dir='ltr'><strong>officio</strong></span> <span class='ocrx_word' id='word_1_143' title='bbox 711 2104 913 2172; x_wconf 86' lang='lat' dir='ltr'><strong>redderetur.</strong></span> <span class='ocrx_word' id='word_1_144' title='bbox 963 2116 998 2171; x_wconf 90' lang='lat' dir='ltr'><strong>at</strong></span> <span class='ocrx_word' id='word_1_145' title='bbox 1030 2107 1085 2172; x_wconf 92' lang='lat' dir='ltr'><strong>ille</strong></span> <span class='ocrx_word' id='word_1_146' title='bbox 1118 2129 1229 2173; x_wconf 90' lang='lat' dir='ltr'><strong>crassa</strong></span> 
     </span>
     <span class='ocr_line' id='line_1_19' title="bbox 83 2199 1227 2292; baseline 0.003 -22"><span class='ocrx_word' id='word_1_147' title='bbox 83 2206 175 2290; x_wconf 91' lang='lat' dir='ltr'><strong>luce,</strong></span> <span class='ocrx_word' id='word_1_148' title='bbox 198 2217 234 2272; x_wconf 91' lang='lat' dir='ltr'><strong>ut</strong></span> <span class='ocrx_word' id='word_1_149' title='bbox 256 2216 352 2292; x_wconf 88' lang='lat' dir='ltr'><strong>gesta</strong></span> <span class='ocrx_word' id='word_1_150' title='bbox 372 2210 617 2290; x_wconf 89' lang='lat' dir='ltr'><strong>monstrabunt,</strong></span> <span class='ocrx_word' id='word_1_151' title='bbox 641 2209 816 2273; x_wconf 89' lang='lat' dir='ltr'><strong>aduersum</strong></span> <span class='ocrx_word' id='word_1_152' title='bbox 839 2211 998 2274; x_wconf 88' lang='lat' dir='ltr'><strong>cautionis</strong></span> <span class='ocrx_word' id='word_1_153' title='bbox 1020 2210 1119 2273; x_wconf 89' lang='lat' dir='ltr'><strong>fidem</strong></span> <span class='ocrx_word' id='word_1_154' title='bbox 1140 2199 1227 2274; x_wconf 86' lang='lat' dir='ltr'><strong>uica-</strong></span> 
     </span>
     <span class='ocr_line' id='line_1_20' title="bbox 82 2308 1227 2399; baseline 0.004 -27"><span class='ocrx_word' id='word_1_155' title='bbox 82 2308 153 2372; x_wconf 90' lang='lat' dir='ltr'><strong>riae</strong></span> <span class='ocrx_word' id='word_1_156' title='bbox 180 2311 337 2395; x_wconf 86' lang='lat' dir='ltr'><strong>potestati</strong></span> <span class='ocrx_word' id='word_1_157' title='bbox 359 2310 540 2376; x_wconf 90' lang='lat' dir='ltr'><strong>tradendus</strong></span> <span class='ocrx_word' id='word_1_158' title='bbox 562 2311 747 2376; x_wconf 86' lang='lat' dir='ltr'><strong>abducitur.</strong></span> <span class='ocrx_word' id='word_1_159' title='bbox 791 2315 852 2376; x_wconf 90' lang='lat' dir='ltr'><strong>hoc</strong></span> <span class='ocrx_word' id='word_1_160' title='bbox 873 2313 931 2377; x_wconf 93' lang='lat' dir='ltr'><strong>ubi</strong></span> <span class='ocrx_word' id='word_1_161' title='bbox 953 2314 1104 2399; x_wconf 89' lang='lat' dir='ltr'><strong>princeps</strong></span> <span class='ocrx_word' id='word_1_162' title='bbox 1127 2312 1227 2377; x_wconf 86' lang='lat' dir='ltr'><strong>oflicii</strong></span> 
     </span>
    </p>
   </div>
   <div class='ocr_carea' id='block_1_3' title="bbox 43 2408 1473 2499">
    <p class='ocr_par' dir='ltr' id='par_1_3' title="bbox 43 2408 1473 2499">
     <span class='ocr_line' id='line_1_21' title="bbox 43 2408 1473 2499; baseline 0.003 -23"><span class='ocrx_word' id='word_1_163' title='bbox 43 2436 70 2476; x_wconf 82' lang='lat' dir='ltr'><strong>ao</strong></span> <span class='ocrx_word' id='word_1_164' title='bbox 84 2413 260 2497; x_wconf 91' lang='lat' dir='ltr'><strong>comperit,</strong></span> <span class='ocrx_word' id='word_1_165' title='bbox 288 2415 400 2499; x_wconf 87' lang='lat' dir='ltr'><strong>paucis</strong></span> <span class='ocrx_word' id='word_1_166' title='bbox 424 2416 596 2478; x_wconf 89' lang='lat' dir='ltr'><strong>comitatus</strong></span> <span class='ocrx_word' id='word_1_167' title='bbox 619 2414 779 2493; x_wconf 86' lang='lat' dir='ltr'><strong>excurrit,</strong></span> <span class='ocrx_word' id='word_1_168' title='bbox 802 2413 921 2479; x_wconf 91' lang='lat' dir='ltr'><strong>retinet</strong></span> <span class='ocrx_word' id='word_1_169' title='bbox 944 2408 1084 2479; x_wconf 84' lang='lat' dir='ltr'><strong>Felicem</strong></span> <span class='ocrx_word' id='word_1_170' title='bbox 1106 2414 1228 2480; x_wconf 88' lang='lat' dir='ltr'><strong>celebri</strong></span> <span class='ocrx_word' id='word_1_171' title='bbox 1305 2480 1306 2483; x_wconf 68' lang='grc'>,</span> <span class='ocrx_word' id='word_1_172' title='bbox 1401 2480 1404 2486; x_wconf 81' lang='grc'><strong>,</strong></span> <span class='ocrx_word' id='word_1_173' title='bbox 1469 2463 1473 2468; x_wconf 85' lang='grc'>-</span> 
     </span>
    </p>
   </div>
   <div class='ocr_carea' id='block_1_4' title="bbox 37 2513 1290 3523">
    <p class='ocr_par' dir='ltr' id='par_1_4' title="bbox 37 2513 1290 3523">
     <span class='ocr_line' id='line_1_22' title="bbox 83 2513 1230 2603; baseline 0.002 -26"><span class='ocrx_word' id='word_1_174' title='bbox 83 2514 175 2579; x_wconf 87' lang='lat' dir='ltr'><strong>urbis</strong></span> <span class='ocrx_word' id='word_1_175' title='bbox 198 2513 269 2581; x_wconf 91' lang='lat' dir='ltr'><strong>loco</strong></span> <span class='ocrx_word' id='word_1_176' title='bbox 290 2539 351 2580; x_wconf 88' lang='lat' dir='ltr'><strong>nec</strong></span> <span class='ocrx_word' id='word_1_177' title='bbox 374 2526 485 2581; x_wconf 87' lang='lat' dir='ltr'><strong>tamen</strong></span> <span class='ocrx_word' id='word_1_178' title='bbox 507 2515 613 2601; x_wconf 91' lang='lat' dir='ltr'><strong>eripit.</strong></span> <span class='ocrx_word' id='word_1_179' title='bbox 657 2518 704 2579; x_wconf 90' lang='lat' dir='ltr'><strong>ita</strong></span> <span class='ocrx_word' id='word_1_180' title='bbox 725 2514 934 2600; x_wconf 85' lang='lat' dir='ltr'><strong>Fulgentius,</strong></span> <span class='ocrx_word' id='word_1_181' title='bbox 963 2519 1076 2603; x_wconf 93' lang='lat' dir='ltr'><strong>quise</strong></span> <span class='ocrx_word' id='word_1_182' title='bbox 1099 2516 1230 2582; x_wconf 90' lang='lat' dir='ltr'><strong>simulat</strong></span> 
     </span>
     <span class='ocr_line' id='line_1_23' title="bbox 81 2608 1226 2703; baseline 0.003 -24"><span class='ocrx_word' id='word_1_183' title='bbox 81 2615 304 2701; x_wconf 87' lang='lat' dir='ltr'><strong>uerberatum,</strong></span> <span class='ocrx_word' id='word_1_184' title='bbox 320 2641 419 2683; x_wconf 89' lang='lat' dir='ltr'><strong>manu</strong></span> <span class='ocrx_word' id='word_1_185' title='bbox 434 2617 596 2683; x_wconf 87' lang='lat' dir='ltr'><strong>ualidiore</strong></span> <span class='ocrx_word' id='word_1_186' title='bbox 612 2616 739 2701; x_wconf 90' lang='lat' dir='ltr'><strong>legibus</strong></span> <span class='ocrx_word' id='word_1_187' title='bbox 756 2620 961 2703; x_wconf 89' lang='lat' dir='ltr'><strong>repugnauit.</strong></span> <span class='ocrx_word' id='word_1_188' title='bbox 995 2608 1121 2684; x_wconf 80' lang='lat' dir='ltr'><strong>interea</strong></span> <span class='ocrx_word' id='word_1_189' title='bbox 1131 2618 1226 2683; x_wconf 86' lang='lat' dir='ltr'><strong>Felix</strong></span> 
     </span>
     <span class='ocr_line' id='line_1_24' title="bbox 83 2717 1226 2808; baseline 0.003 -27"><span class='ocrx_word' id='word_1_190' title='bbox 83 2741 106 2782; x_wconf 92' lang='lat' dir='ltr'><strong>a</strong></span> <span class='ocrx_word' id='word_1_191' title='bbox 134 2717 294 2785; x_wconf 89' lang='lat' dir='ltr'><strong>militibus</strong></span> <span class='ocrx_word' id='word_1_192' title='bbox 323 2723 466 2786; x_wconf 90' lang='lat' dir='ltr'><strong>uicariae</strong></span> <span class='ocrx_word' id='word_1_193' title='bbox 492 2720 666 2808; x_wconf 90' lang='lat' dir='ltr'><strong>potestatis</strong></span> <span class='ocrx_word' id='word_1_194' title='bbox 695 2718 879 2785; x_wconf 91' lang='lat' dir='ltr'><strong>abducitur.</strong></span> <span class='ocrx_word' id='word_1_195' title='bbox 925 2732 957 2785; x_wconf 90' lang='lat' dir='ltr'><strong>et</strong></span> <span class='ocrx_word' id='word_1_196' title='bbox 979 2744 1053 2785; x_wconf 87' lang='lat' dir='ltr'><strong>cum</strong></span> <span class='ocrx_word' id='word_1_197' title='bbox 1075 2724 1226 2808; x_wconf 90' lang='lat' dir='ltr'><strong>princeps</strong></span> 
     </span>
     <span class='ocr_line' id='line_1_25' title="bbox 81 2819 1224 2909; baseline 0.001 -24"><span class='ocrx_word' id='word_1_198' title='bbox 81 2819 186 2885; x_wconf 82' lang='lat' dir='ltr'><strong>officii</strong></span> <span class='ocrx_word' id='word_1_199' title='bbox 214 2823 279 2887; x_wconf 92' lang='lat' dir='ltr'><strong>mei</strong></span> <span class='ocrx_word' id='word_1_200' title='bbox 306 2823 367 2887; x_wconf 89' lang='lat' dir='ltr'><strong>sub</strong></span> <span class='ocrx_word' id='word_1_201' title='bbox 395 2833 574 2909; x_wconf 90' lang='lat' dir='ltr'><strong>conspectu</strong></span> <span class='ocrx_word' id='word_1_202' title='bbox 595 2822 763 2886; x_wconf 88' lang='lat' dir='ltr'><strong>Romanae</strong></span> <span class='ocrx_word' id='word_1_203' title='bbox 789 2822 893 2908; x_wconf 89' lang='lat' dir='ltr'><strong>plebis</strong></span> <span class='ocrx_word' id='word_1_204' title='bbox 923 2825 1071 2905; x_wconf 90' lang='lat' dir='ltr'><strong>auditur,</strong></span> <span class='ocrx_word' id='word_1_205' title='bbox 1098 2823 1224 2903; x_wconf 87' lang='lat' dir='ltr'><strong>uidero,</strong></span> 
     </span>
     <span class='ocr_line' id='line_1_26' title="bbox 39 2912 1224 3011; baseline 0.006 -29"><span class='ocrx_word' id='word_1_206' title='bbox 39 2941 67 2982; x_wconf 78' lang='lat' dir='ltr'><strong>as</strong></span> <span class='ocrx_word' id='word_1_207' title='bbox 82 2922 166 3010; x_wconf 91' lang='lat' dir='ltr'><strong>quid</strong></span> <span class='ocrx_word' id='word_1_208' title='bbox 197 2923 238 2988; x_wconf 90' lang='lat' dir='ltr'><strong>de</strong></span> <span class='ocrx_word' id='word_1_209' title='bbox 267 2925 327 2989; x_wconf 88' lang='lat' dir='ltr'><strong>hoo</strong></span> <span class='ocrx_word' id='word_1_210' title='bbox 356 2925 443 2990; x_wconf 90' lang='lat' dir='ltr'><strong>facto</strong></span> <span class='ocrx_word' id='word_1_211' title='bbox 472 2927 657 3011; x_wconf 88' lang='lat' dir='ltr'><strong>perennitas</strong></span> <span class='ocrx_word' id='word_1_212' title='bbox 685 2912 796 2990; x_wconf 85' lang='lat' dir='ltr'><strong>uestra</strong></span> <span class='ocrx_word' id='word_1_213' title='bbox 823 2925 942 2995; x_wconf 88' lang='lat' dir='ltr'><strong>debeat</strong></span> <span class='ocrx_word' id='word_1_214' title='bbox 962 2925 1119 2990; x_wconf 90' lang='lat' dir='ltr'><strong>iudicare.</strong></span> <span class='ocrx_word' id='word_1_215' title='bbox 1164 2947 1224 3009; x_wconf 87' lang='lat' dir='ltr'><strong>ego</strong></span> 
     </span>
     <span class='ocr_line' id='line_1_27' title="bbox 80 3018 1274 3112; baseline -0.003 -23"><span class='ocrx_word' id='word_1_216' title='bbox 80 3026 231 3090; x_wconf 87' lang='lat' dir='ltr'><strong>ordinem</strong></span> <span class='ocrx_word' id='word_1_217' title='bbox 253 3018 371 3091; x_wconf 82' lang='lat' dir='ltr'><strong>tenebo</strong></span> <span class='ocrx_word' id='word_1_218' title='bbox 391 3038 565 3112; x_wconf 87' lang='lat' dir='ltr'><strong>gestorum.</strong></span> <span class='ocrx_word' id='word_1_219' title='bbox 599 3027 722 3091; x_wconf 87' lang='lat' dir='ltr'><strong>fatetur</strong></span> <span class='ocrx_word' id='word_1_220' title='bbox 744 3027 804 3092; x_wconf 89' lang='lat' dir='ltr'><strong>sub</strong></span> <span class='ocrx_word' id='word_1_221' title='bbox 826 3028 959 3092; x_wconf 91' lang='lat' dir='ltr'><strong>alterius</strong></span> <span class='ocrx_word' id='word_1_222' title='bbox 975 3028 1152 3112; x_wconf 91' lang='lat' dir='ltr'><strong>cognitoris</strong></span> <span class='ocrx_word' id='word_1_223' title='bbox 1169 3050 1224 3092; x_wconf 94' lang='lat' dir='ltr'><strong>ex·</strong></span> <span class='ocrx_word' id='word_1_224' title='bbox 1243 3038 1274 3086; x_wconf 89' lang='grc'><strong>12</strong></span> 
     </span>
     <span class='ocr_line' id='line_1_28' title="bbox 82 3128 1224 3215; baseline 0.001 -24"><span class='ocrx_word' id='word_1_225' title='bbox 82 3129 195 3192; x_wconf 90' lang='lat' dir='ltr'><strong>amine</strong></span> <span class='ocrx_word' id='word_1_226' title='bbox 222 3128 366 3213; x_wconf 85' lang='lat' dir='ltr'><strong>litigator</strong></span> <span class='ocrx_word' id='word_1_227' title='bbox 393 3128 475 3192; x_wconf 93' lang='lat' dir='ltr'><strong>nihil</strong></span> <span class='ocrx_word' id='word_1_228' title='bbox 504 3130 567 3192; x_wconf 91' lang='lat' dir='ltr'><strong>sibi</strong></span> <span class='ocrx_word' id='word_1_229' title='bbox 596 3128 638 3193; x_wconf 93' lang='lat' dir='ltr'><strong>ab</strong></span> <span class='ocrx_word' id='word_1_230' title='bbox 667 3131 907 3215; x_wconf 89' lang='lat' dir='ltr'><strong>apparitoribus</strong></span> <span class='ocrx_word' id='word_1_231' title='bbox 941 3131 1021 3194; x_wconf 92' lang='lat' dir='ltr'><strong>meis</strong></span> <span class='ocrx_word' id='word_1_232' title='bbox 1049 3131 1224 3194; x_wconf 88' lang='lat' dir='ltr'><strong>aduersum</strong></span> 
     </span>
     <span class='ocr_line' id='line_1_29' title="bbox 80 3229 1224 3315; baseline 0.001 -20"><span class='ocrx_word' id='word_1_233' title='bbox 80 3229 293 3315; x_wconf 89' lang='lat' dir='ltr'><strong>Fulgentium</strong></span> <span class='ocrx_word' id='word_1_234' title='bbox 328 3253 400 3294; x_wconf 88' lang='lat' dir='ltr'><strong>esse</strong></span> <span class='ocrx_word' id='word_1_235' title='bbox 436 3230 637 3299; x_wconf 89' lang='lat' dir='ltr'><strong>mandatum.</strong></span> <span class='ocrx_word' id='word_1_236' title='bbox 687 3231 741 3295; x_wconf 90' lang='lat' dir='ltr'><strong>hie</strong></span> <span class='ocrx_word' id='word_1_237' title='bbox 768 3234 859 3296; x_wconf 92' lang='lat' dir='ltr'><strong>iussu</strong></span> <span class='ocrx_word' id='word_1_238' title='bbox 887 3235 957 3297; x_wconf 92' lang='lat' dir='ltr'><strong>eius</strong></span> <span class='ocrx_word' id='word_1_239' title='bbox 985 3231 1028 3296; x_wconf 91' lang='lat' dir='ltr'><strong>ad</strong></span> <span class='ocrx_word' id='word_1_240' title='bbox 1056 3254 1224 3296; x_wconf 91' lang='lat' dir='ltr'><strong>commune</strong></span> 
     </span>
     <span class='ocr_line' id='line_1_30' title="bbox 79 3332 1272 3420; baseline 0 -22"><span class='ocrx_word' id='word_1_241' title='bbox 79 3335 304 3418; x_wconf 82' lang='lat' dir='ltr'><strong>secretarium,</strong></span> <span class='ocrx_word' id='word_1_242' title='bbox 327 3356 391 3420; x_wconf 92' lang='lat' dir='ltr'><strong>quo</strong></span> <span class='ocrx_word' id='word_1_243' title='bbox 414 3332 583 3398; x_wconf 89' lang='lat' dir='ltr'><strong>faciendae</strong></span> <span class='ocrx_word' id='word_1_244' title='bbox 605 3332 779 3398; x_wconf 89' lang='lat' dir='ltr'><strong>oblationis</strong></span> <span class='ocrx_word' id='word_1_245' title='bbox 801 3335 909 3420; x_wconf 86' lang='lat' dir='ltr'><strong>gratia</strong></span> <span class='ocrx_word' id='word_1_246' title='bbox 930 3346 1105 3398; x_wconf 89' lang='lat' dir='ltr'><strong>summates</strong></span> <span class='ocrx_word' id='word_1_247' title='bbox 1128 3357 1224 3420; x_wconf 91' lang='lat' dir='ltr'><strong>quos·</strong></span> <span class='ocrx_word' id='word_1_248' title='bbox 1269 3366 1272 3375; x_wconf 57' lang='lat'>2</span> 
     </span>
     <span class='ocr_line' id='line_1_31' title="bbox 37 3423 1290 3523; baseline 0 -23"><span class='ocrx_word' id='word_1_249' title='bbox 37 3450 65 3490; x_wconf 82' lang='lat'><strong>³⁰</strong></span> <span class='ocrx_word' id='word_1_250' title='bbox 80 3457 147 3522; x_wconf 88' lang='lat' dir='ltr'><strong>que</strong></span> <span class='ocrx_word' id='word_1_251' title='bbox 175 3435 410 3517; x_wconf 90' lang='lat' dir='ltr'><strong>conduxeram,</strong></span> <span class='ocrx_word' id='word_1_252' title='bbox 439 3457 459 3498; x_wconf 93' lang='lat' dir='ltr'><strong>a</strong></span> <span class='ocrx_word' id='word_1_253' title='bbox 486 3436 690 3523; x_wconf 86' lang='lat' dir='ltr'><strong>principibus</strong></span> <span class='ocrx_word' id='word_1_254' title='bbox 714 3436 814 3500; x_wconf 90' lang='lat' dir='ltr'><strong>officii</strong></span> <span class='ocrx_word' id='word_1_255' title='bbox 835 3437 1005 3522; x_wconf 91' lang='lat' dir='ltr'><strong>utriusque</strong></span> <span class='ocrx_word' id='word_1_256' title='bbox 1026 3436 1225 3522; x_wconf 88' lang='lat' dir='ltr'><strong>perducitur.</strong></span> <span class='ocrx_word' id='word_1_257' title='bbox 1288 3423 1290 3428; x_wconf 35' lang='lat'><strong>¹</strong></span> 
     </span>
    </p>
   </div>
   <div class='ocr_carea' id='block_1_5' title="bbox 76 3621 1223 4240">
    <p class='ocr_par' dir='ltr' id='par_1_5' title="bbox 76 3621 1223 4240">
     <span class='ocr_line' id='line_1_32' title="bbox 150 3621 1222 3696; baseline -0.001 -18"><span class='ocrx_word' id='word_1_258' title='bbox 150 3622 200 3678; x_wconf 78' lang='lat'><strong>3&amp;</strong></span> <span class='ocrx_word' id='word_1_259' title='bbox 229 3622 360 3676; x_wconf 70' lang='lat' dir='ltr'><strong>escausr</strong></span> <span class='ocrx_word' id='word_1_260' title='bbox 378 3628 539 3696; x_wconf 69' lang='lat' dir='ltr'><strong>pnnciprsr</strong></span> <span class='ocrx_word' id='word_1_261' title='bbox 558 3627 746 3685; x_wconf 73' lang='lat' dir='ltr'><strong>v8rem1s1ust&#39;</strong></span> <span class='ocrx_word' id='word_1_262' title='bbox 773 3626 976 3677; x_wconf 71' lang='lat' dir='ltr'><strong>tconsurumt·</strong></span> <span class='ocrx_word' id='word_1_263' title='bbox 999 3621 1059 3674; x_wconf 89' lang='lat' dir='ltr'><strong>eius</strong></span> <span class='ocrx_word' id='word_1_264' title='bbox 1068 3621 1152 3675; x_wconf 88' lang='lat' dir='ltr'><strong>aedes</strong></span> <span class='ocrx_word' id='word_1_265' title='bbox 1161 3621 1222 3678; x_wconf 82' lang='lat' dir='ltr'><strong>edd.</strong></span> 
     </span>
     <span class='ocr_line' id='line_1_33' title="bbox 116 3689 1221 3759; baseline 0 -17"><span class='ocrx_word' id='word_1_266' title='bbox 116 3695 224 3753; x_wconf 72' lang='grc' dir='ltr'><strong>1111111ι</strong></span> <span class='ocrx_word' id='word_1_267' title='bbox 275 3690 392 3743; x_wconf 70' lang='lat' dir='ltr'><strong>etiamr</strong></span> <span class='ocrx_word' id='word_1_268' title='bbox 429 3689 693 3749; x_wconf 70' lang='lat' dir='ltr'><strong>ltredibrtronemr</strong></span> <span class='ocrx_word' id='word_1_269' title='bbox 730 3689 972 3744; x_wconf 75' lang='lat' dir='ltr'><strong>leutiuultiseud.</strong></span> <span class='ocrx_word' id='word_1_270' title='bbox 1011 3690 1221 3759; x_wconf 78' lang='lat' dir='ltr'><strong>ltreseruatum</strong></span> 
     </span>
     <span class='ocr_line' id='line_1_34' title="bbox 78 3757 1223 3825; baseline 0 -15"><span class='ocrx_word' id='word_1_271' title='bbox 78 3763 100 3810; x_wconf 78' lang='lat' dir='ltr'><strong>&#39;r</strong></span> <span class='ocrx_word' id='word_1_272' title='bbox 155 3762 187 3810; x_wconf 76' lang='grc'><strong>17</strong></span> <span class='ocrx_word' id='word_1_273' title='bbox 205 3757 335 3824; x_wconf 86' lang='lat' dir='ltr'><strong>quamuis</strong></span> <span class='ocrx_word' id='word_1_274' title='bbox 346 3772 408 3811; x_wconf 81' lang='lat' dir='ltr'><strong>uos:</strong></span> <span class='ocrx_word' id='word_1_275' title='bbox 427 3773 512 3825; x_wconf 90' lang='lat' dir='ltr'><strong>quam</strong></span> <span class='ocrx_word' id='word_1_276' title='bbox 531 3764 559 3824; x_wconf 71' lang='grc' dir='ltr'><strong>Τ,</strong></span> <span class='ocrx_word' id='word_1_277' title='bbox 578 3773 627 3810; x_wconf 85' lang='lat' dir='ltr'><strong>om.</strong></span> <span class='ocrx_word' id='word_1_278' title='bbox 648 3757 710 3811; x_wconf 85' lang='lat' dir='ltr'><strong>edd.</strong></span> <span class='ocrx_word' id='word_1_279' title='bbox 763 3773 856 3811; x_wconf 86' lang='lat' dir='ltr'><strong>crassa</strong></span> <span class='ocrx_word' id='word_1_280' title='bbox 872 3762 892 3808; x_wconf 74' lang='grc'><strong>1</strong></span> <span class='ocrx_word' id='word_1_281' title='bbox 910 3758 983 3825; x_wconf 78' lang='lat' dir='ltr'><strong>qaod</strong></span> <span class='ocrx_word' id='word_1_282' title='bbox 1000 3758 1120 3824; x_wconf 78' lang='lat' dir='ltr'><strong>recipere</strong></span> <span class='ocrx_word' id='word_1_283' title='bbox 1137 3773 1223 3811; x_wconf 81' lang='lat' dir='ltr'><strong>ausus</strong></span> 
     </span>
     <span class='ocr_line' id='line_1_35' title="bbox 76 3823 1137 3890; baseline -0.004 -10"><span class='ocrx_word' id='word_1_284' title='bbox 76 3842 156 3880; x_wconf 77' lang='lat' dir='ltr'><strong>sam:</strong></span> <span class='ocrx_word' id='word_1_285' title='bbox 174 3824 295 3878; x_wconf 86' lang='lat' dir='ltr'><strong>crastina</strong></span> <span class='ocrx_word' id='word_1_286' title='bbox 311 3825 374 3878; x_wconf 83' lang='lat' dir='ltr'><strong>edd.</strong></span> <span class='ocrx_word' id='word_1_287' title='bbox 445 3824 511 3878; x_wconf 79' lang='lat' dir='ltr'><strong>Sall.</strong></span> <span class='ocrx_word' id='word_1_288' title='bbox 528 3823 563 3878; x_wconf 90' lang='lat' dir='ltr'><strong>Ju</strong></span> <span class='ocrx_word' id='word_1_289' title='bbox 587 3870 592 3882; x_wconf 91' lang='lat'>.</span> <span class='ocrx_word' id='word_1_290' title='bbox 612 3830 653 3890; x_wconf 85' lang='grc'><strong>21,</strong></span> <span class='ocrx_word' id='word_1_291' title='bbox 672 3831 687 3877; x_wconf 89' lang='grc'><strong>2</strong></span> <span class='ocrx_word' id='word_1_292' title='bbox 706 3825 822 3878; x_wconf 89' lang='lat' dir='ltr'><strong>obscuro</strong></span> <span class='ocrx_word' id='word_1_293' title='bbox 841 3823 927 3878; x_wconf 87' lang='lat' dir='ltr'><strong>etiam</strong></span> <span class='ocrx_word' id='word_1_294' title='bbox 944 3826 1005 3877; x_wconf 88' lang='lat' dir='ltr'><strong>tum</strong></span> <span class='ocrx_word' id='word_1_295' title='bbox 1022 3824 1137 3877; x_wconf 85' lang='lat' dir='ltr'><strong>lumine.</strong></span> 
     </span>
     <span class='ocr_line' id='line_1_36' title="bbox 80 3843 1221 3960; baseline 0 -14"><span class='ocrx_word' id='word_1_296' title='bbox 80 3899 113 3948; x_wconf 89' lang='lat'><strong>18</strong></span> <span class='ocrx_word' id='word_1_297' title='bbox 132 3879 296 3945; x_wconf 61' lang='grc' dir='ltr'><strong>1111101111ι</strong></span> <span class='ocrx_word' id='word_1_298' title='bbox 363 3898 393 3946; x_wconf 87' lang='grc'><strong>21</strong></span> <span class='ocrx_word' id='word_1_299' title='bbox 413 3891 513 3960; x_wconf 85' lang='lat' dir='ltr'><strong>ltaque</strong></span> <span class='ocrx_word' id='word_1_300' title='bbox 532 3843 592 3946; x_wconf 71' lang='lat' dir='ltr'><strong>edd.</strong></span> <span class='ocrx_word' id='word_1_301' title='bbox 611 3894 659 3946; x_wconf 78' lang='lat' dir='ltr'><strong>at?</strong></span> <span class='ocrx_word' id='word_1_302' title='bbox 729 3892 877 3945; x_wconf 79' lang='grc'><strong>2411111110</strong></span> <span class='ocrx_word' id='word_1_303' title='bbox 896 3899 916 3943; x_wconf 76' lang='lat' dir='ltr'><strong>&#39;l&#39;</strong></span> <span class='ocrx_word' id='word_1_304' title='bbox 934 3892 999 3946; x_wconf 80' lang='lat' dir='ltr'><strong>Jur.</strong></span> <span class='ocrx_word' id='word_1_305' title='bbox 1011 3895 1037 3948; x_wconf 44' lang='lat'><strong>2,</strong></span> <span class='ocrx_word' id='word_1_306' title='bbox 1050 3908 1120 3960; x_wconf 68' lang='lat' dir='ltr'><strong>squ.-</strong></span> <span class='ocrx_word' id='word_1_307' title='bbox 1137 3892 1221 3946; x_wconf 91' lang='lat' dir='ltr'><strong>uideo</strong></span> 
     </span>
     <span class='ocr_line' id='line_1_37' title="bbox 80 3960 1221 4028; baseline -0.002 -14"><span class='ocrx_word' id='word_1_308' title='bbox 80 3960 143 4015; x_wconf 80' lang='lat' dir='ltr'><strong>Get.</strong></span> <span class='ocrx_word' id='word_1_309' title='bbox 164 3975 221 4028; x_wconf 77' lang='lat' dir='ltr'><strong>sqq.</strong></span> <span class='ocrx_word' id='word_1_310' title='bbox 306 3967 339 4014; x_wconf 74' lang='grc'><strong>21</strong></span> <span class='ocrx_word' id='word_1_311' title='bbox 362 3960 462 4013; x_wconf 89' lang='lat' dir='ltr'><strong>debuit</strong></span> <span class='ocrx_word' id='word_1_312' title='bbox 488 3960 549 4014; x_wconf 85' lang='lat' dir='ltr'><strong>edd.</strong></span> <span class='ocrx_word' id='word_1_313' title='bbox 636 3960 706 4014; x_wconf 74' lang='lat' dir='ltr'><strong>(lum</strong></span> <span class='ocrx_word' id='word_1_314' title='bbox 727 3961 877 4014; x_wconf 77' lang='lat' dir='ltr'><strong>secuudum</strong></span> <span class='ocrx_word' id='word_1_315' title='bbox 898 3961 1058 4014; x_wconf 75' lang='lat' dir='ltr'><strong>relationem</strong></span> <span class='ocrx_word' id='word_1_316' title='bbox 1076 3965 1100 4013; x_wconf 84' lang='lat' dir='ltr'><strong>et</strong></span> <span class='ocrx_word' id='word_1_317' title='bbox 1117 3960 1221 4013; x_wconf 80' lang='lat' dir='ltr'><strong>iustru-</strong></span> 
     </span>
     <span class='ocr_line' id='line_1_38' title="bbox 77 4027 1221 4095; baseline -0.003 -13"><span class='ocrx_word' id='word_1_318' title='bbox 77 4028 427 4095; x_wconf 58' lang='lat' dir='ltr'><strong>armamentarium</strong></span> <span class='ocrx_word' id='word_1_319' title='bbox 444 4028 532 4095; x_wconf 68' lang='lat' dir='ltr'><strong>oflicii</strong></span> <span class='ocrx_word' id='word_1_320' title='bbox 548 4028 580 4081; x_wconf 75' lang='lat' dir='ltr'><strong>io</strong></span> <span class='ocrx_word' id='word_1_321' title='bbox 597 4027 898 4094; x_wconf 71' lang='lat' dir='ltr'><strong>conspeetu-Romaene</strong></span> <span class='ocrx_word' id='word_1_322' title='bbox 911 4028 1000 4094; x_wconf 75' lang='lat' dir='ltr'><strong>plebis</strong></span> <span class='ocrx_word' id='word_1_323' title='bbox 1021 4027 1119 4080; x_wconf 78' lang='lat' dir='ltr'><strong>audito</strong></span> <span class='ocrx_word' id='word_1_324' title='bbox 1136 4027 1221 4092; x_wconf 79' lang='lat' dir='ltr'><strong>tmpe-</strong></span> 
     </span>
     <span class='ocr_line' id='line_1_39' title="bbox 77 4093 1221 4161; baseline -0.003 -13"><span class='ocrx_word' id='word_1_325' title='bbox 77 4101 159 4150; x_wconf 81' lang='lat' dir='ltr'><strong>rutor</strong></span> <span class='ocrx_word' id='word_1_326' title='bbox 180 4094 359 4149; x_wconf 77' lang='lat' dir='ltr'><strong>iudicaturus</strong></span> <span class='ocrx_word' id='word_1_327' title='bbox 382 4100 461 4161; x_wconf 81' lang='lat' dir='ltr'><strong>esset,</strong></span> <span class='ocrx_word' id='word_1_328' title='bbox 486 4095 526 4149; x_wconf 78' lang='lat' dir='ltr'><strong>stc</strong></span> <span class='ocrx_word' id='word_1_329' title='bbox 547 4095 632 4150; x_wconf 81' lang='lat' dir='ltr'><strong>uerba</strong></span> <span class='ocrx_word' id='word_1_330' title='bbox 655 4095 823 4149; x_wconf 74' lang='lat' dir='ltr'><strong>attenderim</strong></span> <span class='ocrx_word' id='word_1_331' title='bbox 850 4101 875 4149; x_wconf 90' lang='lat' dir='ltr'><strong>et</strong></span> <span class='ocrx_word' id='word_1_332' title='bbox 902 4095 1079 4149; x_wconf 76' lang='lat' dir='ltr'><strong>distinxerim</strong></span> <span class='ocrx_word' id='word_1_333' title='bbox 1101 4093 1178 4146; x_wconf 85' lang='lat' dir='ltr'><strong>Felix</strong></span> <span class='ocrx_word' id='word_1_334' title='bbox 1204 4110 1221 4146; x_wconf 83' lang='lat' dir='ltr'><strong>a</strong></span> 
     </span>
     <span class='ocr_line' id='line_1_40' title="bbox 77 4160 1219 4240; baseline -0.002 -24"><span class='ocrx_word' id='word_1_335' title='bbox 77 4162 218 4216; x_wconf 86' lang='lat' dir='ltr'><strong>militibus</strong></span> <span class='ocrx_word' id='word_1_336' title='bbox 235 4161 357 4216; x_wconf 88' lang='lat' dir='ltr'><strong>uicariae</strong></span> <span class='ocrx_word' id='word_1_337' title='bbox 375 4163 524 4231; x_wconf 87' lang='lat' dir='ltr'><strong>potestatis</strong></span> <span class='ocrx_word' id='word_1_338' title='bbox 541 4161 690 4215; x_wconf 86' lang='lat' dir='ltr'><strong>abducitur</strong></span> <span class='ocrx_word' id='word_1_339' title='bbox 712 4164 741 4216; x_wconf 88' lang='lat' dir='ltr'><strong>et</strong></span> <span class='ocrx_word' id='word_1_340' title='bbox 759 4179 823 4215; x_wconf 90' lang='lat' dir='ltr'><strong>eum</strong></span> <span class='ocrx_word' id='word_1_341' title='bbox 839 4163 970 4240; x_wconf 87' lang='lat' dir='ltr'><strong>princeps</strong></span> <span class='ocrx_word' id='word_1_342' title='bbox 992 4161 1077 4216; x_wconf 83' lang='lat' dir='ltr'><strong>officii</strong></span> <span class='ocrx_word' id='word_1_343' title='bbox 1094 4161 1151 4215; x_wconf 91' lang='lat' dir='ltr'><strong>mei</strong></span> <span class='ocrx_word' id='word_1_344' title='bbox 1168 4160 1219 4214; x_wconf 91' lang='lat' dir='ltr'><strong>sub</strong></span> 
     </span>
    </p>
   </div>
   <div class='ocr_carea' id='block_1_6' title="bbox 77 4227 1219 4351">
    <p class='ocr_par' dir='ltr' id='par_1_6' title="bbox 77 4227 1219 4351">
     <span class='ocr_line' id='line_1_41' title="bbox 77 4227 1219 4351; baseline -0.004 -66"><span class='ocrx_word' id='word_1_345' title='bbox 77 4231 232 4299; x_wconf 87' lang='lat' dir='ltr'><strong>conspectu</strong></span> <span class='ocrx_word' id='word_1_346' title='bbox 250 4228 394 4284; x_wconf 86' lang='lat' dir='ltr'><strong>Romanae</strong></span> <span class='ocrx_word' id='word_1_347' title='bbox 411 4230 503 4297; x_wconf 89' lang='lat' dir='ltr'><strong>plebis</strong></span> <span class='ocrx_word' id='word_1_348' title='bbox 520 4230 654 4351; x_wconf 63' lang='lat' dir='ltr'><strong>sepultus</strong></span> <span class='ocrx_word' id='word_1_349' title='bbox 672 4229 779 4296; x_wconf 82' lang='lat' dir='ltr'><strong>uidero,</strong></span> <span class='ocrx_word' id='word_1_350' title='bbox 798 4229 866 4298; x_wconf 88' lang='lat' dir='ltr'><strong>qmd</strong></span> <span class='ocrx_word' id='word_1_351' title='bbox 884 4231 936 4287; x_wconf 82' lang='lat' dir='ltr'><strong>etc.</strong></span> <span class='ocrx_word' id='word_1_352' title='bbox 973 4229 1052 4283; x_wconf 79' lang='lat' dir='ltr'><strong>Goth.</strong></span> <span class='ocrx_word' id='word_1_353' title='bbox 1070 4229 1109 4282; x_wconf 84' lang='lat' dir='ltr'><strong>ad</strong></span> <span class='ocrx_word' id='word_1_354' title='bbox 1128 4227 1219 4281; x_wconf 69' lang='grc'><strong>111.</strong></span> 
     </span>
    </p>
   </div>
   <div class='ocr_carea' id='block_1_7' title="bbox 75 4295 1133 4434">
    <p class='ocr_par' dir='ltr' id='par_1_7' title="bbox 75 4295 1133 4434">
     <span class='ocr_line' id='line_1_42' title="bbox 76 4295 1133 4367; baseline -0.006 -14"><span class='ocrx_word' id='word_1_355' title='bbox 76 4297 713 4366; x_wconf 52' lang='grc' dir='ltr'><strong>6,28,11111(111111’1ᾔ111111111111110.</strong></span> <span class='ocrx_word' id='word_1_356' title='bbox 797 4304 910 4367; x_wconf 22' lang='lat' dir='ltr'><strong>,ergo&#39;l&#39;</strong></span> <span class='ocrx_word' id='word_1_357' title='bbox 1000 4295 1133 4349; x_wconf 74' lang='grc'><strong>2811111111</strong></span> 
     </span>
     <span class='ocr_line' id='line_1_43' title="bbox 75 4364 698 4434; baseline -0.01 -12"><span class='ocrx_word' id='word_1_358' title='bbox 75 4373 112 4422; x_wconf 78' lang='lat'><strong>29</strong></span> <span class='ocrx_word' id='word_1_359' title='bbox 132 4381 224 4434; x_wconf 79' lang='lat' dir='ltr'><strong>quoq3</strong></span> <span class='ocrx_word' id='word_1_360' title='bbox 243 4370 263 4415; x_wconf 78' lang='grc' dir='ltr'><strong>Τ</strong></span> <span class='ocrx_word' id='word_1_361' title='bbox 341 4371 373 4418; x_wconf 88' lang='grc'><strong>30</strong></span> <span class='ocrx_word' id='word_1_362' title='bbox 391 4364 570 4418; x_wconf 86' lang='lat' dir='ltr'><strong>condixeram</strong></span> <span class='ocrx_word' id='word_1_363' title='bbox 589 4365 653 4419; x_wconf 80' lang='lat' dir='ltr'><strong>Jwr.</strong></span> <span class='ocrx_word' id='word_1_364' title='bbox 671 4367 698 4418; x_wconf 78' lang='lat'><strong>2.</strong></span> 
     </span>
    </p>
   </div>
   <div class='ocr_carea' id='block_1_8' title="bbox 131 4454 1067 4501">
    <p class='ocr_par' dir='ltr' id='par_1_8' title="bbox 131 4454 1067 4501">
     <span class='ocr_line' id='line_1_44' title="bbox 131 4454 1067 4501; baseline 0 0"><span class='ocrx_word' id='word_1_365' title='bbox 131 4459 258 4501; x_wconf 73' lang='lat' dir='ltr'><strong>sunem</strong></span> <span class='ocrx_word' id='word_1_366' title='bbox 270 4469 322 4499; x_wconf 78' lang='lat' dir='ltr'><strong>uun.</strong></span> <span class='ocrx_word' id='word_1_367' title='bbox 1052 4454 1067 4501; x_wconf 87' lang='lat'><strong>3</strong></span> 
     </span>
    </p>
   </div>
   <div class='ocr_carea' id='block_1_9' title="bbox 0 0 1490 5122">
    <p class='ocr_par' dir='ltr' id='par_1_9' title="bbox 0 0 1490 5122">
     <span class='ocr_line' id='line_1_45' title="bbox 0 0 1490 5122; baseline 0 3"><span class='ocrx_word' id='word_1_368' title='bbox 0 0 1490 5122; x_wconf 95' lang='lat' dir='ltr'><strong> </strong></span> 
     </span>
    </p>
   </div>
  </div>
 </body>
</html>
