2970 5122
259 357 300 420 32
612 374 793 423 sxnuacnr
816 375 971 424 asuarlo
996 366 1047 424 23.

159 574 161 579 .
259 510 466 573 consedimus
479 518 511 573 ct
528 501 645 574 seriem
658 509 863 596 querelarum
876 511 1223 596 recitationecognoui,
1235 513 1407 594 admonui,

258 623 296 676 ut
318 611 357 694 is,
382 612 437 696 qui
459 610 585 676 adierat
606 614 763 678 uicariam
786 612 897 678 sedem
919 612 1116 699 probaturus
1139 613 1286 679 intraret.
1324 625 1407 680 tunc

259 713 402 777 officium
419 715 487 779 cius
504 714 666 779 hominem
684 716 799 781 deesse
814 716 994 802 respondit,
1018 738 1114 802 quem
1128 726 1303 802 praecepto
1319 718 1407 782 iudi·

260 816 306 880 cis
335 817 386 880 sui
414 818 448 880 in
477 838 615 882 examen
643 820 749 882 accire
772 817 942 883 debuerat.
988 799 1143 904 quid'hic
1165 819 1408 885 aestimandum

260 919 311 1001 sit,
327 918 475 1004 relinquo
491 921 705 1006 sapientibus.
729 920 830 986 semel
846 930 944 1007 atque
954 921 1073 989 iterum
1086 923 1255 1008 praeconis
1268 923 1436 988 uocibusr»

139 1106 143 1111 ι
224 1021 442 1092 saduocatur
474 1044 533 1086 nec
556 1033 666 1087 tamen
693 1005 886 1089 inclamatus
917 1025 1068 1088 accurrit.
1113 1034 1191 1089 tunc
1210 1024 1300 1090 nullo
1322 1026 1408 1089 assi·

259 1134 365 1190 stente
380 1123 542 1210 apparitio
565 1126 691 1190 urbana
711 1128 817 1213 eoepit
832 1127 953 1211 urgeri,
977 1125 1063 1212 quod
1078 1127 1121 1192 ad
1137 1127 1286 1201 Africam
1299 1136 1409 1192 traus-

196 1219 201 1225 ’
258 1238 372 1292 uectus
401 1237 500 1308 esset,
530 1229 586 1313 qui
608 1229 748 1294 Bassum
777 1227 995 1292 clarissimum
1024 1231 1130 1294 uirum
1155 1230 1301 1296 criminis
1330 1251 1408 1317 pos-

259 1340 308 1394 set
331 1352 478 1415 arguere.
523 1341 710 1416 suggestum
733 1340 782 1395 est
810 1332 952 1414 paritum
980 1353 1052 1396 esse
1079 1334 1275 1415 sententiae3
1306 1355 1409 1418 quam

259 1455 332 1498 cum
360 1432 483 1497 Bassus
513 1444 588 1519 post
615 1432 776 1498 luctamen
806 1436 946 1519 partium
976 1435 1180 1521 protulisset,
1208 1437 1404 1522 prouocatio
1420 1458 1445 1498 ro

257 1558 322 1601 non
343 1536 493 1600 remouit.
531 1536 676 1605 adhaec
699 1535 892 1620 Fulgentius
914 1560 946 1602 u.
969 1558 995 1604 o.
1019 1538 1170 1602 tribunus
1194 1548 1226 1602 et
1255 1539 1406 1603 notarius

257 1647 433 1721 conuentus
468 1636 633 1703 adiutores
656 1623 809 1704 urbanae
843 1637 930 1703 sedis
961 1640 1118 1722 asseruit,
1153 1662 1194 1704 ne
1222 1641 1407 1706 Memorius

257 1743 457 1824 nauigasset.
485 1759 514 1804 ‘a
536 1763 599 1827 quo
616 1765 690 1806 cum
706 1741 936 1827 requireretur,
959 1764 1001 1806 an
1017 1740 1059 1806 ad
1075 1763 1148 1806 eum
1163 1743 1288 1829 aliquid
1304 1766 1407 1830 super

259 1845 355 1909 Bassi
378 1843 569 1908 criminibus
584 1844 762 1909 Memorius
785 1843 968 1926 detulisset,
992 1845 1040 1909 ait
1060 1843 1209 1931 querelas
1225 1847 1294 1911 eius
1310 1844 1405 1910 libel·

259 1947 365 2013 lorum
392 1948 519 2033 paginis
548 1949 724 2031 contineri,
754 1947 866 2027 credo,
895 1947 1049 2011 simulare
1077 1970 1141 2011 non
1168 1969 1283 2029 ausus,
1315 1949 1405 2034 quod
1419 1974 1444 2015 rs

224 2059 430 2114 raccusator
458 2072 531 2114 esse
558 2049 725 2115 uoluisset.
770 2053 810 2114 ad
839 2051 899 2114 hoc
927 2050 1046 2115 urbani
1072 2050 1200 2115 adiutor
1221 2050 1321 2115 officii
1344 2074 1406 2136 per

258 2151 401 2218 Felicem
435 2152 499 2217 sibi
533 2174 553 2216 a
586 2152 767 2217 clarissimo
800 2153 872 2217 uiro
889 2152 1089 2237 'Fulgentio
1108 2152 1297 2218 mandatum
1330 2175 1405 2218 esse

258 2255 446 2342 respondit,
481 2263 517 2317 ut
545 2254 724 2318 secundum
752 2254 948 2320 sententiam
976 2254 1153 2319 Memorius
1183 2254 1225 2319 ad
1252 2256 1404 2321 Africam

258 2357 442 2423 duceretur.
487 2378 565 2421 mox
587 2357 732 2423 Felicem
754 2358 938 2428 censuimus
961 2356 1180 2439 attinendum,
1204 2350 1268 2444 quo
1291 2369 1405 2445 posset

206 2478 208 2483 ’
257 2460 396 2547 liquere,
430 2483 473 2524 an
501 2460 595 2525 huius
624 2461 771 2526 mandati
800 2461 1020 2526 internuntius
1051 2460 1223 2552 extitisset.
1273 2462 1442 2533 inteream

257 2566 308 2628 uir
324 2561 497 2628 laudabilis
513 2563 665 2636 sicarius,
689 2585 762 2626 cum
777 2563 932 2628 adessent
947 2562 1014 2644 alii,
1035 2585 1116 2648 quos
1131 2565 1166 2627 in
1180 2564 1278 2629 Bassi
1293 2566 1401 2629 causis

256 2689 425 2754 possemus
459 2665 590 2748 audire,
624 2666 665 2729 ob
699 2666 767 2730 cius
796 2667 993 2746 absentiam,
1028 2687 1124 2752 quem
1152 2664 1251 2730 facile
1279 2674 1329 2753 est
1358 2689 1402 2731 ex

257 2769 423 2835 Africanis
445 2790 600 2834 reuocare
614 2768 806 2854 prouinciis,
829 2769 988 2833 iudicium
1003 2790 1097 2833 omne
1113 2769 1265 2849 deseruit,
1289 2769 1401 2833 nescio

258 2896 300 2938 an
323 2896 365 2937 ex
387 2894 449 2936 usu
471 2892 600 2952 eorum,
629 2872 685 2958 qui
707 2878 744 2934 ut
770 2870 962 2936 audirentur
988 2868 1193 2935 affluxerant.
1237 2870 1402 2957 promissa
1451 2952 1453 2957 ,

223 2996 238 3044 8
256 2975 413 3040 relatione
434 2973 579 3037 discedo.
623 2971 729 3055 Felix,
753 2975 808 3055 qui
831 2976 865 3038 in
887 2975 1050 3038 communi
1071 2971 1194 3038 iudicio
1217 2972 1324 3039 iussus
1348 2982 1400 3038 est
1415 3001 1443 3041 ss

256 3079 398 3159 attineri,
423 3076 523 3141 officii
546 3076 737 3140 executione
760 3077 944 3163 corripitur.
981 3076 1008 3140 is
1025 3098 1099 3140 cum
1113 3098 1133 3140 a
1148 3097 1199 3139 me
1213 3077 1401 3162 insequenti

256 3181 403 3247 tuitionis
432 3177 589 3243 auxilium
618 3180 819 3265 poposcisset
842 3189 874 3244 et
895 3180 995 3253 unius
1013 3179 1278 3260 nomenclatoris,
1305 3188 1342 3242 ut
1365 3180 1400 3244 in

256 3285 479 3369 urbe'pacata,
503 3281 701 3345 adminiculo
717 3281 820 3346 fretus
837 3282 1000 3346 incederet
1015 3292 1088 3368 post
1103 3280 1289 3346 uehiculum
1304 3303 1399 3367 prae-

150 3467 158 3477 ,
256 3388 416 3465 fecturac,
444 3385 535 3448 iussu
557 3383 723 3469 Fulgentii
745 3408 773 3450 c.
792 3408 827 3474 ¹u.
851 3407 908 3471 per
931 3385 1153 3450 Gaudentium
1175 3393 1207 3448 et
1229 3383 1399 3449 Uictorem

255 3497 390 3574 agentes
413 3488 445 3551 in
468 3485 566 3550 rebus
590 3495 621 3550 et
643 3486 850 3552 Bonifacium
872 3486 1065 3573 palatinum,
1095 3489 1150 3574 qui
1177 3486 1332 3551 haetenus
1361 3489 1397 3551 in
1411 3512 1443 3552 so

257 3589 364 3655 officio
387 3589 511 3654 urbano
533 3589 700 3671 militauit,
723 3587 884 3654 uiolenter
905 3599 1055 3676 arreptus
1078 3590 1248 3654 deducitur
1272 3590 1307 3652 in
1325 3591 1398 3653 eius

222 3690 1399 3778 mmmmmmmmffifflmwfflmswfflwmffi

256 3795 449 3880 Fulgentius
465 3819 496 3860 u.
509 3818 548 3875 c,
564 3804 678 3859 auctor
693 3795 909 3877 contumeliae
924 3817 1024 3875 meae,
1040 3794 1238 3859 inuidiosum
1253 3802 1398 3880 putaret,
1436 3848 1440 3853 .

255 4090 271 4138 4
290 4084 379 4138 accire
398 4099 460 4137 uos:
478 4083 562 4137 acciri
580 4090 599 4134 Τ
619 4031 699 4161 addila
718 4013 887 4152 (cbmddgdild
896 4018 1044 4138 pqrdaptumg
1061 4020 1200 4161 didmddd.
1216 4013 1344 4151 (ἐξιῇ.
1405 4090 1417 4119 ·

256 4152 477 4221 9pan1tum1'
549 4158 579 4205 13
596 4153 746 4229 naulgaret
762 4151 825 4207 edd.
896 4151 1243 4208 14bass1T2h1sccedd.
1314 4149 1398 4204 lead

254 4219 324 4274 haec
342 4219 407 4273 edd.
475 4226 505 4272 al
526 4219 687 4287 spectabihs
705 4219 770 4276 Jur.
787 4221 813 4273 2.
830 4235 886 4287 sqq.
954 4225 986 4272 22
1004 4235 1089 4286 quem
1109 4220 1181 4278 Get:
1198 4234 1254 4288 que
1272 4224 1292 4270 1·
1309 4235 1399 4286 quam
1419 4262 1434 4290 ,

255 4287 319 4341 Jur.
338 4291 362 4340 1.
380 4303 435 4355 sqq.
492 4295 524 4340 23
543 4286 672 4340 africams
689 4287 771 4340 hier
827 4293 859 4339 24
877 4287 952 4339 iussu
971 4287 1032 4342 edd.
1090 4293 1123 4340 25
1139 4286 1244 4341 iudicio
1262 4301 1312 4339 orn.
1334 4286 1399 4346 edd.

323 4362 355 4408 26
378 4356 577 4423 corruplturT
650 4355 679 4406 in
702 4354 831 4422 sequenti
855 4354 916 4408 edd.
992 4361 1023 4409 25
1046 4371 1151 4408 numen
1173 4354 1326 4408 cultorrsr

255 4429 288 4478 29
306 4429 356 4477 cu·
375 4430 406 4475 T:
425 4439 475 4485 om.
496 4423 556 4477 edd.
625 4429 658 4476 30
676 4423 790 4476 actenus
808 4429 828 4473 Τ

323 4022 338 4068 2
356 4016 491 4084 probatus
509 4022 529 4067 Τ
598 4021 614 4069 3
