2970 5122
243 382 284 446 66
564 399 612 444 nn
635 398 773 446 4446613
797 398 1063 445 IMPERATORUM.

244 540 337 616 64646
364 535 486 598 indicia
509 555 546 598 64
568 536 668 598 codiee
691 534 925 615 Tepernsecensi
947 535 1059 615 offerri
1075 538 1210 615 posenni
1231 535 1275 598 od
1295 555 1391 615 qnae-

243 640 375 703 stionenr
398 639 435 701 de
457 638 557 701 4444443
578 638 804 718 4466446444
825 638 1018 700 3644646464.

330 739 405 803 464
428 744 561 820 apparet
581 739 686 802 titnlos
696 741 888 820 praemissos
902 744 930 802 64
944 740 1139 820 interpositos
1149 759 1294 819 pnpnorc
1308 729 1392 801 inter

242 863 274 907 se
296 843 331 905 in
358 864 384 904 r.
408 844 513 904 1-5.
536 846 583 904 11.
611 844 681 919 12.;
702 845 768 904 444
788 841 935 921 torntnlis
968 841 1064 904 diuus
1092 825 1219 923 genitor
1248 841 1399 923 numinis·

130 996 137 1012 .
242 945 345 1008 uestri
374 949 402 1007 et
429 944 525 1006 diuus
549 943 651 1005 frater
673 941 863 1006 clementiae
885 953 1031 1021 uestrae,
1059 964 1139 1024 qnae
1160 944 1326 1007 relationes
1348 944 1394 1006 od

251 1045 476 1112 Ualentiannrn
492 1044 540 1107 ΙΙ
550 1046 742 1109 4433636336
763 1047 989 1123 demonstrant,
1014 1066 1077 1108 non
1099 1046 1265 1108 eonnenire
1285 1045 1393 1107 t'tnlos

240 1150 434 1231 praemissos
460 1150 496 1211 in
522 1151 594 1210 r.3
630 1152 658 1210 64
684 1152 721 1227 4,
755 1148 887 1210 44364463
919 1149 955 1210 44
982 1170 1008 1211 r.
1041 1152 1071 1210 3.
1102 1152 1131 1210 4.
1164 1150 1215 1209 21.
1248 1150 1303 1209 27.
1336 1150 1390 1212 29.

244 1256 295 1314 30.
319 1255 370 1312 34.
393 1255 443 1313 40.
464 1254 512 1314 41.
529 1256 579 1314 48.
604 1271 674 1314 enni
696 1250 828 1330 deniqne
850 1251 1022 1331 discrepent
1043 1252 1125 1314 inter
1146 1269 1178 1313 se
1199 1270 1262 1312 non
1284 1251 1392 1312 44443

245 1353 391 1434 inscripti
413 1373 509 1433 6464
531 1355 642 1442 insert'
664 1352 757 1429 titnli,
779 1352 833 1415 sed
854 1372 964 1415 66444
983 1352 1197 1431 4644446444
1218 1370 1336 1436 4666336
1349 1353 1394 1414 344

243 1460 361 1519 664444
383 1457 549 1536 64646464
568 1457 667 1536 fnisse
688 1456 860 1532 rationein,
889 1457 945 1535 644
967 1456 1098 1518 c'odicern
1122 1455 1393 1535 Yeyernsecenseni

241 1559 403 1636 scribebat,
420 1559 619 1621 connineitnr
633 1557 738 1620 titnlos
754 1559 967 1638 contempsisse
981 1561 1009 1620 64
1020 1557 1209 1637 4664696444
1219 1557 1389 1636 scripsisse.

203 1712 206 1719 .
243 1664 386 1723 Gelenius
415 1661 470 1740 qni
491 1661 642 1740 princeps
669 1659 728 1722 bas
755 1659 921 1722 relationes
949 1660 1047 1722 edidit
1072 1658 1108 1720 in
1133 1658 1259 1739 prolopo
1283 1679 1390 1719 meam

242 1763 347 1842 inqnit
373 1783 505 1848 operam
532 1782 598 1824 non
625 1761 828 1839 memorabo,
858 1763 988 1824 tametsi
1017 1759 1142 1846 aliquid
1172 1761 1268 1822 etiam
1286 1782 1391 1844 ¹prae·

243 1864 401 1926 stitimue:
433 1863 520 1948 quod
548 1861 591 1924 ad
613 1862 725 1927 titulos
748 1865 881 1946 attinet,
909 1862 1063 1925 uidentur
1085 1861 1249 1924 interdum
1273 1883 1388 1948 parum

152 2019 154 2024 .
244 1966 375 2048 integri,
399 1966 512 2050 opinor
534 1965 619 2050 quod
635 1964 767 2028 rubrica
783 1967 896 2050 scripti
912 1967 1042 2044 fuerint,
1067 1986 1148 2050 quae
1165 1963 1247 2028 solet
1261 1962 1391 2027 facilius

244 2089 342 2152 quarn
370 2078 587 2135 atramentum
616 2066 888 2138 senindefluere:
917 2066 963 2131 ne'
981 2066 1165 2152 exemplum
1190 2066 1252 2130 sibi
1275 2077 1391 2153 putent

121 2176 130 2193 '
243 2169 399 2250 oblatum,
417 2170 471 2255 qui
489 2191 577 2233 more
592 2170 772 2233 inueterata
788 2172 891 2253 magis
908 2192 1004 2256 quam
1017 2170 1155 2253 probato
1168 2192 1265 2232 unum
1279 2167 1391 2255 appel-

243 2270 313 2334 lant
329 2270 447 2360 plurali
462 2293 595 2334 numero
612 2273 742 2335 honoris
756 2272 880 2337 seilicet
890 2274 1006 2356 gratia.
1019 2358 1020 2361 Ἴ
1037 2275 1072 2337 in
1083 2275 1281 2337 restitnendis
1292 2272 1392 2335 titalis

245 2374 551 2438 46464464441-15
574 2397 594 2439 4
617 2376 717 2439 codiee
737 2381 762 2437 Τ
783 2397 847 2440 464
869 2377 982 2456 differt,
1006 2377 1070 2439 nisi
1092 2377 1174 2456 qnod
1194 2375 1356 2438 relationis
1370 2377 1392 2433 3

242 2477 347 2540 4444463
379 2477 562 2557 (seenndnrn
590 2477 752 2541 Ambrosii
785 2477 939 2554 codices?)
972 2483 1051 2542 46646
1069 2479 1213 2541 -eorrenit
1238 2482 1266 2541 et
1293 2499 1320 2540 4.
1349 2481 1391 2539 13

245 2570 415 2650 Tbeodosio
431 2601 536 2661 prone
558 2582 677 2644 tribnit.
716 2580 1066 2644 46464464444316-48
1089 2581 1138 2644 464
1156 2580 1319 2644 Theodosii
1340 2580 1391 2643 nel

247 2681 414 2745 Theodosii
436 2687 464 2759 64
477 2681 634 2746 Arclrodii
657 2683 761 2746 titnlos
783 2687 812 2744 64
821 2683 1006 2763 praeposnit
1020 2687 1048 2746 et
1061 2685 1202 2746 insernit.
1242 2680 1390 2744 Pronnrn

245 2783 368 2847 Gelenii
397 2784 569 2864 64644444
598 2786 653 2864 oni
679 2785 866 2865 relinqueret
893 2785 991 2848 editor
1019 2805 1083 2848 non
1104 2787 1213 2849 6444444.
1258 2787 1390 2848 Iacobus
1470 2773 1474 2778 ⁴

244 2890 447 2950 Gothofredue
474 2907 713 2966 nonnnrnqnorn
736 2872 858 2950 lnonnit
879 2889 915 2950 in
937 2889 1168 2950 cornntentoriis
1191 2888 1234 2951 od
1254 2888 1388 2957 66644664

248 2973 505 3076 446646346444
516 2989 684 3070 plerosqne
704 2989 885 3072 Spnnnoclii
907 2989 1072 3052 relationes
1093 2988 1312 3055 Ualentinioni
1333 3010 1390 3052 no-

246 3092 331 3154 4446
359 3091 573 3155 inscribendas
600 3112 670 3155 6336.
715 3114 826 3157 nornen
853 3095 1008 3157 46446464
1035 3093 1240 3186 innestiyonit
1261 3093 1390 3173 prinms

244 3196 409 3256 Tillemont
431 3192 589 3272 (Histoire
611 3196 663 3258 des
683 3193 876 3276 Ernpercnrs
897 3196 942 3258 cd.
968 3193 1018 3258 II.
1042 3199 1113 3257 464.
1144 3192 1179 3257 V.
1203 3199 1271 3259 note
1296 3192 1390 3276 XXI

241 3316 298 3360 snr
322 3295 477 3359 Tle'odose
499 3294 524 3357 Ι
525 3301 546 3376 ).
585 3296 667 3360 4446
688 3302 717 3360 64
729 3282 890 3361 Η6444643
906 3296 1035 3360 Richter
1058 3295 1144 3379 (Dos
1166 3297 1390 3360 tocstrdntiscbe

243 3397 341 3462 Reieb
355 3420 383 3461 a.
400 3399 580 3461 375-388.
597 3398 712 3462 Berlin
723 3398 814 3462 1865.
825 3420 860 3480 p.
875 3401 951 3481 695)
965 3403 1086 3462 seentns
1101 3403 1145 3462 634
1159 3403 1187 3462 64
1198 3419 1250 3480 epo
1263 3419 1387 3478 366464.

329 3499 568 3564 Constitntiones
584 3502 772 3582 principnrn
791 3521 856 3564 non
871 3505 994 3563 464444
1009 3500 1095 3564 444443
1110 3503 1166 3581 qni
1179 3502 1389 3565 subscribebat

243 3604 298 3668 sed
318 3604 450 3666 nantino
472 3605 612 3666 644444
634 3605 690 3684 qni
711 3607 776 3666 444
799 3607 890 3666 64644
903 3602 1041 3683 41464344
1055 3605 1208 3685 inscripta
1223 3605 1387 3668 bobebonl.

242 3706 326 3786 qrrod
346 3706 414 3768 ideo
435 3705 537 3786 debat,
560 3710 596 3768 44
605 3710 746 3787 potestas
757 3706 814 3769 illa
829 3725 893 3785 qno
908 3709 1004 3768 46444
1019 3706 1187 3785 irnperinrn
1204 3706 1388 3771 44646444

242 3808 418 3889 4666446444,
435 3808 584 3887 andaonis
598 3808 743 3888 sinpnlae
758 3808 825 3870 6443
836 3811 944 3888 portes
955 3809 1088 3887 sinpnlis
1096 3809 1295 3889 principibus
1307 3831 1388 3873 664-

241 3911 356 3973 4443366
378 3913 483 3987 essent,
507 3931 574 3974 446
596 3929 658 3973 6336
680 3910 848 3972 4464646444.
886 3914 1124 3973 6643644646444
1146 3915 1215 3973 6464
1232 3913 1389 3992 praefecto

242 4013 331 4075 nrbis
347 4011 476 4089 146466,
500 4014 529 4075 34
551 4014 634 4092 64644
654 4011 807 4089 referebat
828 4012 872 4074 ad
892 4011 1181 4092 illonrpotestotent
1198 4015 1387 4094 pertinebat,

242 4116 383 4177 644444
398 4114 613 4194 4494346444
635 4119 691 4194 qni
705 4118 768 4178 tnrn
786 4117 877 4176 erant
897 4115 1029 4176 nomina
1051 4115 1198 4178 relationi
1219 4115 1390 4179 inscribere
1451 4148 1455 4155 ·

243 4220 271 4279 64
298 4235 402 4279 ornnes
429 4217 465 4279 in
493 4215 642 4278 relatione
670 4216 837 4298 appellare.
883 4217 982 4278 enins
992 4218 1119 4296 ,6646443
1137 4196 1216 4280 44444
1237 4218 1389 4280 nidentnr

242 4337 305 4381 6336
327 4317 510 4399 Sprnntoeli
530 4318 696 4381 relationes
711 4320 805 4380 3-5.
829 4320 1183 4381 1415-4444-46.
1209 4321 1315 4399 446646
1337 4320 1388 4383 liis

242 4439 346 4484 censeo
365 4421 601 4502 praeponendos
621 4439 683 4484 6336
703 4421 758 4484 bos
778 4421 900 4485 t'tnlos:
924 4419 1129 4488 DDDNNN.
1155 4420 1387 4484 Ualentiniano
