2970 5122
256 399 299 462 40
614 402 795 462 sinuncnr
817 411 970 461 nnnnrro
995 402 1045 459 28.

257 560 416 615 auctores.
449 552 573 614 interea
588 548 702 613 distuli
717 547 896 614 uindictam
911 532 1105 613 iudiciorum
1119 551 1153 612 et
1166 570 1277 612 rursus
1294 548 1400 612 officio

257 653 424 736 negotium
457 651 550 737 dedi,
583 662 620 716 ut
651 652 851 715 necessarios
883 660 1043 716 euocaret.
1090 637 1171 733 ¹tuno
1198 653 1401 716 cessantibus

224 769 240 816 3
258 752 423 818 actoribus
450 752 651 818 clarissimae
673 752 788 816 domus
811 753 992 839 ceterisque
1014 751 1187 818 subtractis
1209 753 1252 817 ad
1274 762 1401 818 contra-

258 855 432 920 dicendum
455 855 573 919 Thesei
596 862 809 938 surrogantur
830 855 981 937 heredes,
1009 877 1073 919 uno
1095 862 1222 918 tantum
1245 854 1401 932 exhibito,

257 961 371 1044 quise
392 965 553 1022 assereret
574 954 729 1020 libertum
751 977 821 1020 esse
843 956 1000 1022 defuncti.
1034 959 1062 1020 is
1085 957 1316 1042 interrogatus,
1339 978 1449 1042 quoa

258 1059 404 1124 abissent
425 1047 783 1146 incolae'praediorum,
807 1058 976 1124 delituisse
991 1056 1175 1139 nonnullos,
1199 1058 1312 1124 Scirtii
1325 1079 1402 1125 uero

258 1163 422 1250 mancipia
443 1160 485 1224 ad
507 1159 666 1224 urbanam
688 1158 819 1241 uillam,
843 1182 926 1246 quae
949 1170 999 1225 est
1019 1158 1191 1225 clarissimi
1213 1169 1245 1224 et
1266 1150 1404 1225 illustris

259 1263 322 1328 uiri
345 1262 490 1348 Olybrii,
513 1263 672 1327 translata
694 1263 871 1348 respondit.
916 1272 1024 1327 cetera
1045 1271 1123 1326 uta
1145 1260 1262 1328 liberto
1285 1261 1405 1327 Thesei

240 1362 349 1430 ¹dicta
371 1373 549 1451 praetereo,
573 1364 648 1428 lieet
670 1367 703 1428 in
726 1387 800 1429 euin
822 1365 1036 1451 praescriptio
1058 1365 1122 1428 ista
1143 1387 1207 1429 non
1228 1373 1404 1451 competet,

225 1482 330 1533 ecum
360 1490 380 1531 a
410 1475 502 1553 patre
528 1467 688 1530 minorum
717 1465 912 1532 beneficium
940 1466 1100 1532 libertatis
1129 1467 1303 1552 acceperit.
1353 1466 1404 1531 his

258 1572 305 1634 ita
327 1570 441 1655 positis
458 1568 662 1633 Praenestini
683 1566 833 1651 curiales,
858 1591 992 1655 quorum
1011 1570 1046 1632 in
1060 1569 1193 1653 regione
1208 1568 1407 1634 Caesariana

259 1673 422 1759 possessio
441 1673 537 1752 iacet,
560 1671 667 1733 missis
684 1671 924 1756 apparitoribus
941 1669 1144 1738 exhibentur.
1181 1680 1260 1736 tunc
1275 1672 1405 1736 demum

208 1812 210 1816 ·
259 1797 291 1837 u.
315 1796 341 1858 c,
373 1782 404 1837 et
427 1771 614 1858 spectabilis
638 1770 767 1857 Olybrii
789 1782 979 1859 procurator
1000 1774 1144 1857 emergit.
1188 1771 1283 1838 adest
1306 1774 1405 1838 etiam

261 1875 412 1962 defensor
422 1875 584 1938 minorum
596 1872 728 1938 tandem
740 1875 929 1958 cogentibus
942 1874 1072 1940 iudiciis
1080 1875 1273 1962 postulatus.
1287 1874 1406 1940 Scirtio

260 1978 435 2041 aduersum
457 1975 540 2041 duos
562 1997 671 2062 pugna
692 1977 898 2063 proponitur,
922 1977 1070 2062 quemuis
1093 1976 1272 2064 patrocinia
1295 1977 1405 2042 claris-
1450 1997 1481 2038 15

262 2080 363 2144 simae
379 2079 493 2143 domus
509 2088 542 2142 et
557 2099 780 2142 successorum
791 2078 909 2142 Thesei
924 2079 1064 2164 quadam
1077 2081 1184 2165 specie
1196 2077 1405 2143 dissiderent.

228 2183 328 2254 situr
349 2181 384 2244 in
407 2180 627 2267 quaestionem
651 2181 882 2266 possessionis,
905 2188 988 2267 quae
1010 2182 1152 2266 partium
1165 2182 1264 2245 uariis
1281 2183 1407 2266 agitata

261 2282 466 2350 conflictibus
478 2281 521 2346 ad
533 2282 818 2366 interrogationem
832 2283 961 2346 testium
972 2284 1043 2347 iure
1053 2283 1217 2347 transiuit.
1237 2283 1407 2349 admoueri

262 2383 462 2470 singillatim,
485 2393 520 2448 ut
544 2407 613 2448 mos
636 2393 694 2464 est,
717 2385 812 2448 iubeo
828 2383 977 2450 curiales.
1005 2385 1170 2449 nominum
1186 2394 1218 2449 et
1234 2385 1408 2471 dignitatis

263 2488 304 2551 ab
326 2509 390 2552 uno
412 2509 539 2573 quoque
560 2508 659 2573 poseo
681 2505 847 2572 responsa.
889 2496 967 2550 tune
987 2485 1132 2552 locorum
1153 2489 1255 2552 iustos
1278 2509 1408 2573 posses·
1434 2502 1469 2543 2⁰

263 2610 351 2652 sores
374 2590 512 2675 requiro.
555 2587 672 2652 dehinc
694 2597 876 2674 percontor,
899 2591 971 2675 quis
994 2611 1118 2653 annuas
1141 2588 1326 2654 functiones
1352 2599 1410 2653 aut

263 2689 387 2754 indicta
402 2690 606 2777 persoluerit.
639 2713 711 2754 cum
727 2690 905 2754 secundum
921 2691 1072 2756 Scirtium
1088 2692 1275 2755 testimonie
1290 2698 1414 2755 cuncta

263 2790 477 2879 procederent
510 2799 608 2877 atque
640 2811 711 2869 eam
744 2793 984 2877 possessionem
1012 2815 1085 2858 eum
1106 2791 1235 2858 Theseo
1261 2794 1412 2859 tenuisse

264 2901 440 2976 constaret,
461 2892 591 2980 quando
608 2901 665 2957 aut
679 2914 737 2979 per
752 2915 831 2980 quos
847 2893 991 2960 deiectus
1010 2903 1095 2960 esset
1111 2895 1271 2960 examino.
1295 2917 1412 2961 secun·

264 2993 342 3059 dum
370 2994 439 3058 fere
464 2993 517 3059 uel
545 2995 677 3058 tertium
704 3017 847 3059 mensem
868 3018 1001 3061 manare
1023 2997 1242 3078 consentiunt,
1272 3007 1311 3061 ut
1333 3020 1409 3063 eum
1443 3017 1475 3061 2⁵

231 3112 247 3160 o
264 3096 463 3162 clarissimae
485 3111 583 3182 atque
603 3095 739 3162 illustris
755 3097 869 3163 domus
884 3098 1029 3164 homines
1046 3097 1249 3186 expulerunt.
1285 3100 1416 3165 auditis

265 3200 469 3285 optimatium
495 3198 689 3289 testimoniis
713 3197 817 3262 denuo
840 3222 911 3263 eum
936 3201 1162 3267 defensoribus
1184 3200 1322 3266 admitto
1344 3203 1418 3267 iur-

264 3309 390 3384 gantes.
435 3301 582 3385 quaesita
609 3310 641 3363 et
662 3323 816 3386 responsa
837 3302 987 3388 partibus
1009 3304 1215 3371 intimantur.
1256 3304 1305 3369 ibi
1327 3305 1418 3370 Tar-

265 3403 358 3487 peius
386 3425 417 3466 u.
442 3425 469 3466 e.
498 3413 689 3486 procurator
715 3401 850 3467 illustris
873 3405 938 3468 uiri
960 3405 1092 3493 Olybrii
1120 3407 1260 3472 asseruit
1289 3409 1319 3471 ei
1350 3431 1423 3474 sex

265 3501 378 3566 uncias
408 3504 617 3588 praediorum
640 3503 760 3570 Thesei
788 3515 892 3570 morte
914 3512 1088 3593 quaesitas.
1134 3519 1246 3574 eontra
1268 3508 1417 3577 scirtius
1443 3523 1481 3570 ³⁴

267 3702 495 3709 ———.

335 3835 544 3900 tnegoemmw
596 3841 612 3888 3
630 3834 771 3887 actoribus
788 3835 1022 3912 Betim-Hella:
1040 3839 1201 3914 auctoribus
1218 3847 1238 3892 ἰ’
1256 3845 1282 3895 et
1299 3842 1364 3896 edd.¹
1384 3895 1387 3900 .

267 3897 426 4020 {3⁰⁸0le
461 3900 1244 4028 stitutus?⁹1tt⁶b³tt⁰⁸3ttt⁰ht
1283 3911 1416 4031 preges-

266 4008 427 4112 inquorum
440 4033 541 4088 finibus
554 4008 721 4089 Caesariana
732 4037 794 4092 edd.
836 4013 1166 4095 cunahsetoesananar
1212 3991 1413 4112 ltrdleylbdsTm’

269 4105 301 4153 14
318 4106 390 4154 reete
411 4106 647 4179 suterpuuoeerunt
668 4103 737 4158 Sese
758 4109 784 4158 et
801 4105 1034 4184 Bytho-Hellas
1056 4111 1204 4189 minorum,
1228 4109 1410 4167 Tandem..

268 4167 434 4236 postulatus,
445 4168 546 4248 Serrho
556 4170 628 4249 edd..
654 4176 685 4223 18
694 4171 840 4252 admonen
849 4173 911 4227 edd.
921 4175 1015 4253 etmel.
1026 4178 1071 4242 25,
1080 4180 1107 4231 2.
1119 4177 1241 4256 etst,
1252 4178 1376 4246 9(Jur.).

270 4236 640 4368 ¹i0letlfb⁰l⁶lfllllld
656 4237 1099 4374 {Tififfillbnlmmlddl
1152 4245 1327 4367 ,trayly
1337 4264 1410 4368 3¹¹⁰·

268 4317 363 4423 honlo
381 4344 496 4424 munere
508 4348 534 4422 ’Τ
574 4345 579 4356 ¹
602 4345 641 4425 26’
648 4346 807 4442 expulerint
824 4347 885 4428 edd.
900 4349 906 4361 .
955 4382 987 4429 27
1000 4329 1092 4431 denho
1111 4329 1271 4433 defensores
1288 4331 1409 4436 adlniltb

269 4435 331 4493 edd.
388 4442 420 4490 28
438 4438 654 4492 mtimareturT
714 4448 747 4495 29
764 4441 893 4509 olybn’l'
961 4451 995 4498 30
1012 4448 1156 4498 unctrasr
1225 4450 1408 4515 scyrcrtrus'l'
