2970 5122
445 381 626 429 sruuuoru
648 380 801 429 autumo
826 372 877 430 23.
1192 363 1244 428 31-

87 516 282 583 tantundem
304 516 512 583 censualibus
536 517 627 582 falsis
649 517 752 582 titulis
767 518 973 605 imputatum,
996 525 1152 603 quantum
1168 514 1233 580 duo

88 620 240 685 conferre
262 619 453 685 debuerant.
491 612 648 686 boccum
671 618 842 684 clarissimi
865 617 930 682 uiri
953 626 1069 704 sponte
1092 619 1161 683 sine
1177 616 1234 687 ad·

88 724 228 788 iectione
249 722 412 810 dispendii
428 721 660 804 reddidissent,
684 732 833 786 sonatum
848 723 955 807 prisco
970 743 1060 785 more
1076 718 1234 801 consului,

89 825 170 912 quid
203 828 237 890 in
271 828 434 891 communi
462 847 561 889 causa
588 834 719 911 patrum
746 823 873 888 iuberet
899 825 1086 890 auctoritas
1137 823 1233 886 dietis

61 926 213 1014 saliquot
247 930 416 993 sententiis
448 928 570 1008 factum
598 950 704 992 meum
732 924 905 992 reuerendi
934 925 1057 989 ordinis
1085 924 1236 1011 probauit
1286 1014 1287 1017 Ἴ

90 1032 248 1100 assensio.
292 1032 471 1096 interiectis
500 1030 616 1095 diebus
644 1053 717 1095 eum
739 1031 877 1095 Romam
898 1052 929 1093 u.
953 1050 981 1093 c.
1004 1039 1037 1094 et
1058 1026 1233 1096 laudabilis
1252 1048 1268 1095 3

89 1134 232 1198 uicarius
263 1143 489 1211 commeasset,
520 1155 551 1197 u.
577 1155 605 1198 c.
635 1132 818 1198 causidicus
848 1130 912 1197 fori
934 1133 998 1196 mei
1022 1130 1154 1214 Celsus,
1185 1153 1234 1195 so·

90 1238 161 1328 cius
184 1237 269 1318 eius,
297 1236 352 1321 qui
373 1235 519 1302 debitum
542 1235 665 1302 refudit
685 1234 903 1322 impendium,
927 1233 1098 1299 tuitionem
1121 1243 1235 1298 contra

93 1360 144 1402 me
167 1348 198 1402 et
220 1360 369 1404 annonae
389 1338 590 1424 praefectum
607 1336 825 1403 clarissimum
842 1339 947 1401 uirum
957 1335 1004 1400 -de
1020 1337 1097 1400 sede
1112 1338 1237 1401 uicaria

53 1464 78 1502 ιο
93 1440 282 1527 postulauit,
306 1463 378 1506 cum
402 1461 463 1525 ego
486 1438 594 1504 aditus
618 1442 652 1504 in
673 1463 773 1506 causa
793 1439 926 1526 publica
948 1438 1076 1503 ciuilem
1097 1462 1235 1505 conuen-

92 1546 213 1608 tionem
241 1544 338 1607 matri
367 1543 436 1608 eius
465 1563 562 1628 super
590 1544 719 1629 nepotis
748 1545 797 1607 sui
830 1564 964 1607 munere
997 1541 1187 1607 detulissem
1215 1546 1237 1624 †

92 1647 304 1733 responsione
326 1654 466 1726 seruata,
490 1666 572 1730 quae
587 1648 727 1709 retinere
742 1647 901 1710 asseritur
915 1645 1146 1732 patrimonium
1162 1668 1235 1709 can·

94 1749 215 1831 didati,
238 1747 421 1835 praefectus
444 1767 523 1810 uero
545 1769 693 1812 annonae
709 1771 741 1812 u.
757 1769 785 1812 c.
801 1749 956 1834 pistorem
971 1746 1123 1834 publicae
1137 1769 1236 1812 auno·

92 1872 156 1915 nae
184 1850 285 1915 uerbo
307 1859 434 1915 tantum
457 1872 627 1936 reposcere
649 1849 829 1932 diceretur,
858 1872 956 1936 quem
983 1851 1134 1916 manibus
1165 1851 1235 1916 offi-
1272 1891 1276 1899 ι

53 1981 78 2018 15
94 1951 224 2016 cialium
232 1951 347 2017 Celsus
359 1962 498 2018 eruerat.
514 1953 568 2017 hic
575 1954 776 2045 iamnestrae
785 1954 998 2038 perennitatis
1008 1963 1058 2021 est
1066 1956 1237 2019 aestimare

94 2054 321 2121 contumeliam
337 2055 571 2141 praefecturae,
593 2058 684 2121 euius
700 2056 883 2121 causidicus
903 2054 985 2120 nihil
1005 2079 1122 2144 passus
1143 2060 1236 2123 auxi·

92 2159 174 2224 lium
211 2157 360 2224 secundis
399 2157 529 2223 iudiciis
566 2159 813 2250 impetrauit.†
856 2181 915 2246 per
947 2157 1026 2224 haec
1059 2164 1131 2224 uisa
1160 2170 1271 2226 suutt

95 2261 251 2348 quoniam
273 2261 464 2347 patientiam
487 2282 599 2325 meam·
607 2261 741 2325 minime
756 2259 975 2348 perculerunt,
998 2263 1163 2328 adiectum
1177 2274 1238 2349 est,

94 2362 181 2450 quod
211 2360 418 2427 dissimulare
444 2386 510 2428 non
537 2385 677 2451 possem.
726 2386 800 2428 nam
828 2374 902 2429 oum*
929 2363 972 2429 ad
1000 2365 1237 2432 examinandos

53 2490 80 2530 ao
95 2475 188 2531 actus
211 2487 285 2530 uc.
305 2465 401 2530 Bassi
417 2490 459 2532 ex
474 2467 640 2553 praefecto
655 2465 730 2530 urbi
752 2476 898 2553 potestas
920 2467 1044 2532 uicaria
1065 2467 1109 2533 ad
1132 2491 1236 2533 secre-

98 2571 221 2634 tarium
235 2590 403 2634 commune
418 2569 606 2655 prodiisset,
628 2569 837 2654 nescioquis,
858 2577 894 2633 ut
910 2570 1012 2652 aiunt,
1034 2568 1143 2641 libello
1160 2569 1237 2635 dato

95 2673 136 2736 de
164 2671 264 2736 officii
292 2671 356 2734 mei
384 2669 525 2736 colludio
553 2671 606 2736 uel
632 2671 806 2758 iniquitate
837 2683 1033 2758 conquestus
1056 2680 1121 2753 est,
1150 2673 1238 2760 quod

44 2770 49 2778 ’
94 2774 274 2840 Memorius
296 2774 455 2858 litigator,
479 2776 588 2839 iussus
610 2772 747 2840 aBasso
771 2773 919 2839 soluendi
942 2774 1045 2840 debiti
1067 2776 1174 2859 gratia
1196 2775 1238 2840 ad

93 2876 219 2941 iudicia
233 2876 392 2940 Africana
415 2875 544 2958 deduci,
567 2887 697 2942 sumet
720 2879 825 2941 auiro
841 2875 961 2941 illustri
977 2878 1150 2943 decessore
1166 2900 1238 2944 meo

52 2999 81 3039 ss
94 2980 239 3045 Auentio
255 2989 320 3044 eta
340 3001 391 3043 me
408 2979 465 3065 'per
486 2978 616 3044 libellos
637 3002 679 3044 ne
701 3002 738 3045 eo
758 2990 908 3066 pergeret
930 2979 1138 3066 postulasset,
1161 2982 1240 3045 naui

94 3089 183 3146 esset
203 3080 376 3145 abductus.
399 3081 485 3146 hunc
507 3080 583 3146 ilico
604 3105 634 3150 u.
652 3103 678 3147 o.
701 3092 733 3147 et
747 3081 921 3148 laudabilis
937 3084 1089 3163 uicarius,
1114 3093 1149 3183 ut
1164 3082 1239 3147 sub-

94 3183 232 3269 scriptio
259 3181 363 3248 libelli
385 3183 528 3267 indicat,
558 3185 674 3249 adesse
696 3186 872 3271 praecepit.
916 3186 974 3251 ubi
997 3189 1119 3271 pariter
1140 3185 1273 3250 ambos

169 3334 372 3403 limputatum
389 3351 451 3389 nos:
469 3336 616 3405 imputatis
634 3344 653 3388 T
672 3342 697 3391 et
715 3337 776 3392 cdd.
848 3336 917 3390 duo:
937 3337 1023 3390 ·Il·T
1091 3336 1240 3391 adedisse.

93 3402 134 3456 Et
145 3403 178 3455 ut
197 3445 203 3458 .
222 3443 228 3456 .
246 3403 399 3472 tegeretur,
412 3404 559 3472 imputatis
577 3446 583 3457 .
603 3448 608 3458 .
629 3404 794 3469 debuerant,
808 3404 996 3459 contulerunt.
1027 3404 1087 3459 Hoc
1100 3405 1172 3469 edd,
1190 3419 1241 3459 nos

93 3470 268 3538 imputatum
279 3472 572 3538 scripsimosetuerbo
583 3472 666 3526 aliter
677 3473 867 3526 distinnimas.
919 3474 1049 3541 sponttT
1100 3473 1241 3527 4inberet

93 3539 326 3604 nos:1uueretT,
344 3539 476 3593 innueret
493 3540 554 3594 edd.
606 3539 871 3609 tspeetabilistr.
884 3542 933 3594 2.s
970 3580 976 3593 .
1029 3541 1241 3595 ‘toommeasset

94 3604 253 3660 causrdrcns
270 3612 352 3660 ΠΗ
409 3613 495 3661 Serus
513 3624 547 3662 ec
563 3624 642 3662 meus
660 3615 768 3662 oerr.T
823 3609 946 3676 lopostu
959 3609 1031 3674 uuit,
1051 3625 1115 3662 cum
1133 3624 1186 3679 ego
1205 3647 1238 3662 ..

94 3673 218 3727 eruerat.
241 3671 294 3727 Hic
303 3673 456 3729 Meroeras:
467 3676 630 3744 postulauit.
649 3675 718 3730 (lum
731 3691 798 3746 ergo
812 3716 818 3729 .
831 3718 836 3730 .
850 3677 970 3730 eruerat.
994 3675 1046 3730 Hic
1058 3676 1103 3730 ael
1113 3677 1239 3730 eruerat:

92 3740 143 3794 hic
161 3740 222 3795 edd.
241 3746 266 3794 et
279 3747 303 3792 -T
374 3749 404 3796 12
422 3759 479 3812 qua
497 3744 557 3802 edd,
593 3743 661 3812 quia
677 3743 751 3798 Leot.
769 3746 795 3796 2.
816 3747 841 3800 3.
861 3759 933 3811 quae
952 3744 990 3797 ad
1008 3743 1105 3797 matris
1123 3745 1240 3810 referen-

55 3842 58 3846 ›
94 3810 166 3862 dum
188 3808 302 3863 uidetur
329 3815 355 3864 et
377 3814 557 3879 responsione
580 3812 694 3864 seruata
713 3811 955 3879 interpretandam
976 3812 1055 3866 salua
1077 3812 1239 3866 defensione

94 3875 145 3944 (cf.
172 3873 200 3930 0.
224 3876 272 3930 Ju.
291 3880 336 3943 12,
357 3880 401 3942 26,
419 3881 456 3941 4).
492 3880 556 3933 boec
573 3880 701 3947 alioquin
718 3895 926 3946 sapacaoanec
944 3880 1069 3944 addidit,
1088 3885 1120 3933 at
1137 3881 1170 3933 tn
1187 3894 1241 3934 om·

93 3944 180 3997 aibas
196 3944 276 3998 rebus
287 3944 376 4014 tecam
388 3947 575 4000 obseruantem
591 3945 619 4001 se
630 3948 718 4013 faisse
731 3948 870 4014 probaret.
923 3949 1013 4001 retine
1026 3954 1046 3998 T
1098 3946 1241 4001 candidati

94 4012 200 4089 dana.
213 4027 283 4090 sca:
292 4012 443 4067 candidata
454 4020 474 4066 T
487 4015 545 4068 cc.
557 4031 614 4084 sqq.
669 4021 699 4069 17
713 4015 827 4069 secundi
839 4013 939 4068 iudicis
952 4015 1026 4069 Leet.
1039 4019 1066 4069 2.
1078 4020 1112 4077 3..
1125 4014 1240 4069 secundi

83 4078 196 4133 ·indio1i
207 4077 296 4146 Setop.
309 4097 365 4149 sqq.
438 4097 468 4135 er
479 4083 548 4137 haec
561 4082 693 4150 quoniam
704 4083 775 4149 edd,
792 4097 842 4136 nos
853 4083 1027 4149 suspicamur
1038 4083 1086 4136 ubi
1098 4082 1168 4137 haec
1181 4083 1242 4136 uisa

94 4148 165 4202 sunt
183 4146 240 4214 (rel.
259 4151 303 4225 34,
314 4152 352 4226 .5·'
370 4099 461 4203 multa
478 4166 551 4218 quae
569 4151 633 4218 post
651 4151 713 4203 uisa
729 4152 804 4218 sunt)
823 4150 868 4204 oet
881 4166 932 4219 per
943 4149 1014 4204 haec
1025 4151 1189 4204 iniuriarum

56 4258 73 4286 ,
96 4222 131 4269 19
144 4214 181 4268 ad
193 4216 392 4270 exammandos
404 4217 500 4272 dora.
513 4234 582 4286 scm:
595 4217 631 4271 ad
643 4219 845 4272 exammandus
857 4224 886 4283 T,
899 4218 1099 4272 examinandos
1113 4218 1170 4272 cet.
1183 4234 1196 4270 s
1215 4235 1239 4286 q.

149 4288 183 4336 20
194 4284 273 4336 actus
284 4282 362 4336 Bassi
374 4284 514 4339 Praefecti
526 4286 603 4338 urbis
615 4286 677 4339 edd.
730 4292 761 4339 21
778 4285 929 4354 prodiisset
940 4286 1004 4339 Jur.
1016 4289 1044 4342 2.
1062 4302 1130 4355 sqqu
1147 4302 1199 4355 pro
1231 4316 1241 4326 -

94 4351 218 4405 dissetT
232 4350 358 4420 Getsqq.
410 4353 544 4407 ntainnt:
558 4353 896 4410 uicarioMercerasPar.
914 4353 1006 4422 Winc.
1057 4352 1242 4408 24Affncana

93 4425 123 4476 et
140 4418 187 4472 bic
203 4419 283 4486 infra
300 4425 320 4470 T
388 4426 421 4474 25
439 4428 474 4474 na
491 4438 520 4474 ur
538 4428 558 4472 T
626 4426 659 4474 26
676 4421 838 4490 spectabilis
856 4421 921 4476 dur.
938 4425 965 4475 2.
982 4438 1038 4491 sqq.
