2962 5130
270 381 312 444 20
593 392 774 442 sruurcur
795 393 952 442 sucurre.
972 381 1021 438 12.
1047 382 1096 440 13.

174 532 177 541 '
273 532 381 595 uanda
404 539 491 594 sunt.
523 527 682 593 illustrior
705 530 791 615 enirn
814 527 883 592 laus
901 537 951 592 est
965 525 1007 589 de
1019 513 1157 590 caelesti
1171 524 1324 610 profecta
1338 508 1422 586 iudi-

273 633 332 697 cio.
377 654 454 716 ergo
482 641 520 696 ut
546 631 721 718 probitatis
749 631 879 716 patroni
906 630 993 695 bona
1019 627 1204 716 temporum
1234 635 1422 690 uestrorum

272 736 391 800 futuris
415 755 543 820 quoque
564 733 702 797 uisenda
723 733 906 819 proponite.
940 741 1028 797 certe
1043 730 1098 795 ille
1114 739 1163 794 est
1175 729 1423 807 Praetextatus,

273 857 368 922 quem
383 837 454 900 iure
469 832 634 900 consulem
649 836 814 919 feceratis,
837 842 873 899 dt
891 835 968 900 fasti
983 854 1140 898 memores
1157 830 1292 911 celebre,
1304 851 1422 894 nornen

160 954 162 958 ’
273 940 497 1004 extenderent.
532 936 605 1000 aliis
627 935 731 1002 titulis
754 936 870 1002 fatalia
884 937 1004 1000 damna
1018 944 1177 1022 reparate.
1209 933 1333 998 abierit
1349 953 1444 996 cums

273 1041 401 1105 homine
428 1042 624 1126 praemium,
659 1041 716 1104 sed
743 1039 900 1105 iudicium
927 1051 1002 1126 post
1029 1040 1192 1104 hominem
1221 1043 1421 1122 perseueret.

274 1144 417 1208 Probate
445 1143 576 1207 casibus
603 1142 779 1207 aduersum
801 1141 938 1226 gloriam
965 1142 1049 1206 nihil
1071 1143 1179 1207 licere.
1210 1160 1306 1203 *nam
1335 1135 1423 1223 quod

272 1247 392 1310 meruit
413 1267 432 1308 a
454 1245 592 1324 ciuibus,
616 1244 782 1329 singulare
805 1253 869 1308 est:
895 1242 978 1308 illud
1000 1243 1111 1308 multis
1127 1263 1309 1323 commune,
1333 1237 1423 1325 quod

272 1336 427 1434 perdidit.
455 1336 458 1342 ⁵

707 1550 910 1625 RELATIO
935 1553 984 1616 13.
1435 1581 1457 1620 ro

307 1688 383 1753 DN.
406 1686 880 1773 Ualentiniano·semper
902 1689 1001 1771 Aug.
1025 1654 1285 1771 Symmachus
1309 1707 1342 1748 u.
1368 1705 1395 1746 c.

655 1788 896 1872 praefectus
919 1788 1043 1853 urbis.

361 1944 397 2008 Si
413 1943 544 2008 diuinae
559 1942 751 2008 clementiae
765 1951 842 2007 tuae
856 1944 973 2007 merita
988 1942 1184 2026 cogitentur,
1206 1934 1318 2005 nullae
1333 1961 1425 2027 opes,

276 2070 357 2136 quas
380 2056 438 2111 aut
452 2055 572 2127 natura
583 2046 707 2110 sufficit
722 2055 779 2110 aut
793 2045 923 2111 fortuna
938 2043 1139 2127 circumfert,
1162 2040 1303 2130 gratiam
1318 2042 1426 2108 nostri

278 2172 356 2234 erga
377 2159 411 2226 te
433 2150 552 2213 amoris
569 2148 765 2235 aequabunt.
799 2146 868 2229 sed,
891 2158 928 2212 ut
942 2169 1015 2211 mea
1030 2145 1095 2212 fert
1110 2148 1231 2233 opinio,
1253 2144 1425 2233 publicum
1439 2175 1461 2213 u

278 2253 319 2316 de
342 2253 463 2338 optimo
486 2252 683 2336 imperatore
705 2249 863 2315 iudicium
884 2271 950 2315 non
972 2259 1022 2314 est
1043 2249 1232 2314 muneribus
1248 2250 1427 2313 aestiman-

243 2356 366 2422 2dum.
417 2364 547 2419 senatus
581 2365 691 2419 tamen
722 2362 891 2441 promptus
927 2351 1074 2438 obsequii
1102 2373 1213 2416 omnes
1241 2350 1428 2416 officiorum

278 2466 388 2544 partes
416 2456 548 2542 arripit,
578 2455 696 2542 quibus
724 2457 888 2520 indicatur
910 2453 1053 2537 affectio,
1084 2464 1117 2518 et
1137 2451 1281 2518 salutare
1303 2475 1428 2517 numen

278 2570 370 2624 tuum
398 2562 563 2644 precatui,
594 2569 630 2623 ut
651 2561 686 2621 in
708 2557 770 2621 hac
792 2556 973 2638 oblatione,
1001 2576 1086 2642 quae
1108 2553 1257 2620 nonnihil
1278 2559 1428 2642 superio-

279 2661 369 2726 ribus
393 2660 537 2742 addidit,
561 2660 730 2745 intellegas
751 2659 811 2724 hoc
835 2682 905 2724 esse
927 2668 1092 2740 curatum,
1114 2680 1156 2722 ne
1179 2658 1239 2722 sub
1262 2667 1295 2723 te
1316 2660 1429 2722 minus
1442 2686 1466 2724 a

280 2785 378 2851 posse
404 2761 587 2827 uideamur.
630 2754 818 2836 nam'diuis
847 2761 1038 2848 parentibus
1065 2762 1129 2825 tuis
1158 2762 1201 2826 ob
1229 2759 1429 2826 decennium

280 2865 418 2951 singulis
441 2865 547 2929 minor
569 2886 695 2930 summa
717 2864 849 2928 decreta
872 2874 932 2930 est.
966 2863 1064 2928 etiarn
1088 2862 1185 2927 diuus
1208 2864 1312 2928 frater
1333 2884 1428 2926 man-

281 2967 462 3034 suetudinis
485 2978 561 3031 tuae
584 2988 657 3030 cum
678 2967 812 3031 tertium
826 2964 965 3030 lustrum
981 2967 1055 3030 aeui
1070 2964 1248 3051 imperialis
1264 2965 1429 3050 exigeret,

280 3072 429 3160 parciore
456 3070 679 3134 munificentia
706 3068 881 3133 honoratus
905 3070 1072 3132 asseritur.
1115 3069 1259 3131 nuncin
1281 3088 1431 3130 amorem

282 3187 373 3239 tuum
395 3172 505 3237 studia
519 3182 631 3236 nostra
644 3181 827 3236 creuerunt.
860 3194 936 3235 nam
952 3169 1041 3234 mille
1056 3178 1221 3234 sescentas
1236 3169 1308 3233 auri
1323 3167 1431 3233 libras
1445 3193 1469 3234 rc

284 3272 516 3342 decennalibus
539 3274 665 3360 imperii
687 3274 736 3337 tui
751 3275 845 3338 fastis
862 3272 998 3338 deuotus
1018 3271 1097 3336 ordo
1118 3272 1268 3357 promisit
1289 3271 1431 3336 urbanis

283 3376 483 3467 ponderibus
519 3376 731 3441 conferendas
765 3373 800 3439 id
828 3386 877 3441 est
909 3376 1051 3441 trutinae
1078 3374 1229 3459 largioris
1264 3375 1430 3438 examine.

250 3500 265 3548 3
284 3479 374 3568 quid,
391 3478 417 3542 si
434 3501 529 3564 pares
544 3480 653 3544 animo
669 3481 756 3554 uires
772 3488 903 3543 senatus
916 3477 1106 3542 habuisset?
1135 3477 1235 3540 scires
1248 3477 1283 3540 in
1294 3475 1431 3562 publico

283 3605 393 3648 amore
414 3584 627 3668 perennitatis
650 3593 727 3645 tuae
749 3602 820 3645 esse
843 3579 989 3644 diuitiae.
1026 3579 1085 3643 sed
1107 3578 1222 3643 maluit
1236 3577 1433 3642 clementiae

282 3698 359 3752 tuae
395 3682 565 3749 solutionis
608 3683 671 3747 fide
713 3681 842 3769 placere
883 3704 980 3768 quarn
1022 3680 1246 3766 magnitudine
1281 3680 1432 3767 perfidae
1445 3703 1470 3743 ao

284 3788 479 3877 sponsionis.
523 3783 641 3848 dehinc
671 3783 732 3848 sub
754 3786 948 3871 imperatore
969 3786 1137 3871 primaeuo
1161 3806 1259 3849 sanus
1283 3787 1431 3849 muneris

355 4021 477 4076 ttitulis
494 4028 514 4072 1·
532 4018 685 4074 Merserat:
703 4021 786 4075 utiles
799 4022 860 4075 edd.
930 4022 1117 4074 thommesr
1186 4019 1430 4075 reduersusedd.

355 4090 404 4144 rel.
418 4095 456 4143 13.
479 4088 538 4142 Gal.
553 4092 592 4140 12.
615 4087 674 4140 Jur.
687 4095 727 4143 26.
751 4089 813 4143 Par.
832 4096 873 4146 33.
927 4096 958 4142 10
973 4088 1020 4140 DE
1040 4086 1248 4143 OBLATIONE
1266 4085 1388 4141 FACTA
1405 4089 1432 4141 A

288 4157 476 4214 SENATVT
547 4160 575 4206 11
599 4154 660 4208 DN.
683 4156 883 4211 Valentiniano
906 4162 938 4208 1⁸:
963 4155 996 4209 D.
1022 4156 1179 4211 Theodosio
1204 4155 1266 4211 edd.
1342 4161 1375 4210 13
1391 4156 1431 4221 cf.

290 4227 369 4283 Goth.
387 4225 427 4278 ad
446 4223 543 4277 (111.
562 4226 650 4289 7,24‚
668 4229 692 4278 1.
761 4225 921 4303 cogitantur
939 4224 1001 4279 edd.
1071 4231 1102 4279 lt
1120 4223 1292 4292 aequabunt,
1315 4221 1356 4280 D,
1375 4222 1432 4276 lm·

287 4296 408 4365 perator,
427 4291 492 4346 Just.
505 4293 532 4345 2.
546 4306 601 4358 sqq.
652 4298 681 4346 11
694 4293 811 4360 obsequi
822 4293 883 4347 edd.
933 4298 964 4346 18
976 4292 1050 4345 ultro
1068 4292 1168 4360 arripit
1185 4291 1246 4347 edd.
1293 4297 1431 4344 nomene

357 4368 388 4416 19
399 4360 606 4429 obhgatroneT
675 4367 707 4415 23
721 4361 953 4413 tuae1:uestrae
968 4360 1028 4414 edd.
1038 4362 1190 4413 seruumr
1258 4360 1432 4426 ttpnrtrorc

287 4429 520 4501 munificentie!⁸
575 4428 741 4482 attestor
796 4433 830 4481 28
847 4427 916 4496 quid
934 4434 967 4481 1⁸:
986 4427 1062 4497 quod
1080 4427 1141 4482 edd.
1198 4433 1229 4481 31
1248 4433 1432 4496 pnmeuosr
