2970 5122
404 377 586 427 sruulcru
608 380 762 429 autumo
788 373 837 430 13.
862 373 912 430 14.
1170 369 1224 432 21

79 513 197 578 modus
224 524 338 579 uotum
368 525 418 580 est
445 536 541 602 saepe
569 515 724 581 faciendi.
775 508 888 600 absit,
907 529 944 583 ut
972 520 1057 585 bono
1086 521 1226 607 principi

78 617 155 702 plus
184 639 281 702 quam
308 639 480 704 possumus
508 619 707 703 ingeramus.
751 621 931 685 amantium
954 623 1073 709 quippe
1095 622 1226 708 largitio

78 741 147 783 non
169 719 239 784 iure
261 719 380 784 deterit
403 720 584 784 offerentes.
629 733 706 805 erg'o
731 732 762 786 et
784 744 870 787 nunc
891 722 997 788 libens
1019 748 1110 790 sume
1133 748 1225 790 sacro

78 820 207 886 aerario
242 820 374 886 decreta
407 822 555 888 subsidia
583 833 615 888 et
641 822 760 888 futuris
789 826 994 910 processibus
1021 827 1150 913 imperii
1178 829 1226 892 tui

48 925 311 1012 sobsequiorum
333 923 489 990 similium
510 948 603 1012 spem
624 948 767 996 reserua.

512 1129 714 1196 RELATIO
739 1132 788 1199 14.

104 1251 181 1316 DN.
203 1249 498 1316 Ualentiniano
520 1270 678 1334 semper
700 1252 801 1336 Aug.
825 1252 1086 1338 Symmachus
1109 1277 1140 1317 u.
1165 1277 1190 1318 e.

459 1352 696 1441 praefectus
719 1354 844 1418 urbis.

164 1487 297 1553 Habent
312 1487 373 1553 hoc
388 1487 538 1573 publicae
552 1488 775 1568 necessitates,
799 1497 837 1553 ut
851 1488 1067 1576 impossibilia
1080 1491 1221 1578 plerum-

35 1620 61 1659 ιο
75 1613 141 1678 que
163 1590 392 1678 persuadeant,
415 1590 545 1655 domine
566 1592 752 1676 imperator.
797 1589 855 1655 sed
877 1601 973 1658 cauto
996 1615 1076 1680 opus
1099 1601 1158 1677 est,
1181 1619 1222 1661 ne

76 1695 238 1781 asperitas
266 1694 388 1777 negotii
417 1694 534 1759 effectu
560 1689 653 1759 irrito
677 1691 761 1758 solas
784 1703 929 1758 arcessat
952 1694 1108 1780 offensas,
1137 1718 1220 1782 quae

75 1795 158 1860 nulli
187 1797 488 1880 magis'euitandae
510 1806 603 1879 sunt,
632 1818 729 1882 quam
751 1799 863 1862 iuueni
886 1797 1098 1883 ettprincipi,
1128 1799 1219 1864 cuius

75 1899 185 1982 gratia
218 1919 291 1962 cum
323 1908 431 1964 aetate
463 1899 561 1965 debet
594 1898 792 1964 adolescere.
843 1920 919 1983 ergo
947 1901 1089 1964 numinis
1117 1903 1220 1966 uestri

75 2001 198 2064 famam
227 1999 388 2088 simulque
412 1998 550 2066 arduum
572 2001 758 2085 recogitans
781 2010 967 2088 corporatos
989 2004 1219 2086 negotiatores,

36 2126 62 2166 15
75 2103 222 2167 membra
236 2113 387 2168 aeternae
402 2104 505 2187 urbis,
526 2104 568 2167 ad
584 2125 739 2190 equorum
756 2101 972 2187 collationem,
988 2125 1086 2190 quam
1100 2103 1218 2171 litteris
1258 2122 1262 2128 “

75 2206 273 2292 imperastis,
296 2229 413 2272 uocare
430 2205 589 2286 dubitaui,
605 2229 646 2270 ne
660 2204 869 2271 librationem
884 2204 1075 2271 clementiae
1089 2217 1218 2273 uestrae

75 2307 208 2394 querela
229 2308 361 2395 publica
381 2309 594 2396 praeueniret.
638 2309 766 2392 integra
787 2330 839 2372 res
863 2318 912 2373 est
934 2307 1056 2392 adhuc,
1080 2308 1218 2374 salubri-

73 2420 173 2476 tatem
197 2412 325 2477 consilii
347 2410 565 2497 diligentioris
581 2419 743 2497 expectat.
771 2411 918 2476 iustitiae
936 2420 1108 2497 praestate,
1132 2414 1219 2499 quod

73 2514 248 2579 remittetis
270 2513 425 2579 inuidiae.
469 2514 511 2576 de
535 2511 683 2599 exemplo
699 2513 843 2594 ueniunt,
867 2535 951 2599 quae
966 2534 1131 2579 cauemus.
1175 2517 1217 2580 si·
1235 2531 1251 2579 2

35 2650 61 2689 20
74 2615 207 2703 quidem
235 2616 318 2681 caeli
346 2618 510 2704 particeps
538 2637 657 2704 parens
686 2616 876 2681 clementiae
903 2625 978 2680 tuae
1006 2637 1080 2680 oum
1101 2640 1217 2682 munus

73 2720 230 2803 exiguum
252 2719 328 2783 huic
348 2718 516 2784 hominum
538 2720 650 2802 generi
673 2718 751 2782 dare
774 2728 975 2806 temptasset,
997 2727 1104 2782 motus
1119 2716 1216 2783 liber·

72 2831 141 2886 tate
152 2819 257 2907 plebis
271 2821 439 2886 abstinuit.
462 2832 495 2887 et
506 2829 593 2885 certe
601 2842 779 2907 paucorum
791 2843 903 2885 curam
915 2843 967 2886 res
980 2819 1037 2885 illa
1047 2821 1215 2907 poscebat,

71 2925 243 3009 magisque
258 2923 403 2989 officium
417 2923 667 2989 desiderabatur
682 2924 872 3012 tractandae
889 2925 1046 3010 pecuniae
1063 2921 1216 3010 publicae

73 3048 171 3114 quam
194 3027 404 3113 dispendium
426 3025 652 3093 conferendae.
688 3023 850 3090 consuluit
864 3034 973 3090 tamen
988 3024 1112 3110 gloriae
1127 3048 1215 3106 suae,

33 3159 58 3200 25
72 3152 115 3194 ne
138 3128 218 3215 quid
233 3127 360 3193 iuberet
375 3127 504 3210 inuitis,
528 3137 561 3192 et
575 3126 845 3212 diligentissimus
865 3150 904 3193 ac
919 3128 1022 3193 serius
1038 3130 1215 3215 imperator

71 3239 239 3319 speratum
261 3228 512 3296 emolumentum
526 3241 691 3317 tamquam
705 3230 872 3319 popularis
888 3231 1025 3316 ignouit.
1049 3253 1109 3296 neo
1122 3240 1215 3319 putet
1233 3244 1248 3291 3

69 3332 245 3400 aeternitas
281 3342 392 3397 uestra
434 3333 476 3396 ab
513 3334 641 3419 incepto
673 3341 795 3398 temere
832 3333 999 3398 destitisse
1038 3334 1100 3399 deo
1139 3355 1213 3420 pro·

69 3439 197 3504 ximum
223 3438 340 3513 uirum.
390 3445 527 3501 nouerat
553 3435 668 3499 borum
697 3457 868 3523 corporum
895 3435 1075 3502 ministerio
1104 3445 1213 3501 tantae

69 3539 163 3606 urbis
186 3560 284 3603 onera
305 3537 471 3613 sustineri.
505 3538 558 3623 hic
579 3537 682 3603 lanati
704 3541 830 3626 pecoris
845 3539 993 3604 inuentor
1008 3548 1073 3620 est,
1094 3537 1150 3602 ille
1171 3538 1212 3602 ad

32 3673 57 3713 oo
69 3645 197 3709 uictum
211 3641 324 3729 populi
338 3640 427 3725 cogit
444 3649 642 3723 armentum,
664 3640 723 3706 hos
737 3639 852 3706 suillae
862 3642 967 3706 carnis
979 3649 1068 3706 tenet
1077 3642 1212 3720 functio,

69 3940 72 3946 ,
139 3885 155 3932 3
172 3893 229 3931 non
246 3878 321 3930 uires
339 3875 444 3931 deterit
461 3838 639 3931 offerentium
660 3875 717 3933 cer.
729 3860 795 3946 eqd,
813 3892 870 3930 non
889 3858 994 3931 deterit
1009 3848 1084 3930 uires
1096 3848 1229 3932 offerens

67 3947 143 4000 tium
161 3945 226 3999 Jur.
244 3947 271 4000 2.
289 3960 345 4065 cop.

139 4013 189 4067 rel.
209 4019 248 4066 14.
275 4012 336 4067 Ge.
356 4018 396 4067 13.
422 4012 483 4065 Jur.
502 4018 542 4070 27,
569 4011 632 4065 Par.
650 4017 691 4070 34.
744 4011 819 4064 6DE
839 4010 1040 4066 CORPORVM
1058 4011 1212 4066 EXCVSA-

68 4080 221 4144 ΤΙΟΝΕΤ
289 4080 493 4134 thabeantr
564 4086 595 4133 14
616 4080 659 4133 rei
681 4079 807 4149 cogitans
827 4079 897 4134 Saso
966 4085 997 4132 16
1014 4079 1211 4133 liberationem

68 4149 179 4203 TPar.
205 4147 309 4218 Wiug,
332 4147 565 4202 deliberationem
587 4147 693 4216 aliquis
714 4148 792 4215 apud
810 4147 874 4201 Jur.
893 4150 919 4202 2.
990 4153 1021 4201 17
1041 4148 1095 4201 est:
1119 4146 1211 4201 adhuc

66 4217 119 4272 sal.
138 4215 200 4270 edd.
217 4231 274 4281 res,
293 4217 322 4270 et
339 4215 430 4270 adhuc
448 4216 523 4271 Lect.
541 4219 568 4271 2.
586 4219 611 4273 3.
681 4220 712 4268 19
730 4215 874 4269 remittitis
891 4215 952 4270 edd.
1022 4221 1055 4269 20
1077 4214 1112 4280 cf.
1132 4213 1211 4269 Goth.

66 4284 108 4338 ud
123 4282 153 4338 0.
167 4280 216 4337 Tb.
229 4286 356 4348 14,2,1.i
411 4284 477 4337 tuoe
490 4289 522 4336 T:
537 4285 647 4338 uestrae
660 4283 721 4340 edd.
785 4289 815 4335 ‘21
830 4283 964 4337 mandare
977 4281 1143 4338 eddrecte?

66 4358 102 4408 25
121 4351 268 4404 muerur
343 4351 534 4405 serenissimus
558 4350 674 4406 Gentius
746 4351 948 4419 imperatorii·
1017 4356 1049 4404 29
1066 4349 1211 4404 honeraT
1271 4355 1275 4360 '

65 4435 128 4475 non
149 4423 219 4475 recte
242 4419 359 4475 contulit
376 4418 484 4475 Holdcr
505 4418 622 4474 Horatii
645 4434 685 4486 ep.
708 4417 753 4484 II,
775 4423 848 4485 1,1.
934 4418 1066 4471 inuentor
1088 4423 1108 4467 'l'
