2970 5122
140 365 180 429 68
464 379 511 423 ou
535 374 671 422 risurus
695 377 958 426 IMPERATORUM.

139 517 239 581 titulis
261 516 463 598 appellarent,
486 513 544 576 sub
565 513 661 594 horem
683 511 727 592 (p.
752 512 808 593 98)
830 514 906 578 haee
929 517 1118 582 iutuleruut:
1131 518 1284 583 'niaxime
1396 527 1399 532 ’

139 620 201 683 sub
228 627 276 697 te,
304 615 549 700 religiosissimo
571 613 736 676 Theodosi
758 614 925 699 Auguste,
954 620 1011 703 qui
1039 621 1205 702 conspiras
1229 625 1282 686 eto.

137 722 291 784 mimirum
309 719 515 783 Theodosium
537 718 573 780 de
587 717 1044 797 supplicationeiudiaaturum
1058 741 1121 786 esse
1134 722 1282 786 sciebant.
1397 725 1398 728 ’

222 822 309 886 Erat
338 826 374 886 ut
398 820 576 902 praefectus
603 819 692 882 urbis
722 819 846 900 aliquid
874 821 1004 900 referret
1032 824 1077 886 ad
1102 843 1203 887 uuum
1230 825 1282 888 uei

138 926 216 989 duos
237 945 274 987 eu
295 923 457 1004 Aumrstis.
494 923 540 985 sie
560 943 587 983 r.
611 925 631 982 9
653 919 859 1001 Symmachus
880 923 986 987 retulit
1007 926 1051 988 ad
1074 924 1283 989 Theodosium

138 1032 166 1091 et
187 1026 364 1090 Arcadium
388 1029 543 1088 auctorem
565 1027 657 1102 atque
674 1028 843 1103 parentem·
861 1045 967 1088 eorum
989 1048 1010 1090 a
1032 1031 1143 1091 senatu
1165 1027 1283 1092 honore
1397 1039 1399 1079 f

136 1133 316 1192 statuarum
332 1114 531 1207 'equestrium
560 1127 739 1189 decoratum
767 1145 845 1202 esse;
872 1147 899 1188 r.
927 1131 970 1190 43
998 1149 1020 1190 6
1055 1127 1281 1194 Ualmtiuiauo

131 1232 233 1312 petiit,
258 1234 293 1293 ut
307 1230 362 1293 hoe
377 1231 530 1293 decretum
550 1231 678 1290 senatus
700 1229 744 1291 ad
762 1229 985 1292 iuuiotissimos
1000 1231 1067 1293 eius
1081 1231 1198 1308 lintres
1212 1232 1281 1311 ipso

137 1334 320 1397 iusiuuaute
342 1331 538 1412 perueniret·
566 1351 593 1392 r.
616 1333 656 1390 13
678 1331 842 1392 uuutiauit
870 1328 1094 1395 Uateutiuiauo
1116 1332 1152 1395 oh
1175 1334 1281 1396 decem-
1309 1395 1312 1401 ,
1396 1343 1397 1348 ’

137 1435 226 1498 uates
246 1435 373 1515 imperii
392 1433 492 1513 fastos
513 1452 535 1494 a
555 1435 666 1494 seuatu
681 1452 798 1494 aurum
813 1433 989 1497 obtutuum
998 1436 1191 1514 promissum
1207 1455 1280 1500 esse.
1377 1458 1380 1463 ’
1397 1509 1398 1512 ¹

137 1537 278 1600 ommium
293 1535 510 1616 Auqustorum
531 1537 663 1597 uomiua
684 1535 853 1597 iuserihere
874 1557 896 1597 a
917 1556 951 1597 re
972 1536 1111 1599 alienum
1131 1536 1203 1615 fuit,
1226 1538 1282 1601 sed
1396 1575 1399 1578 -

137 1638 196 1701 hae
223 1638 373 1702 retatioue
397 1637 587 1729 Theodosius
609 1641 637 1698 et
657 1635 820 1699 Arcadius
841 1637 1023 1717 appellandi
1041 1637 1186 1716 fueruat,
1216 1640 1281 1704 iltis
1396 1681 1397 1684 =

143 1738 396 1803 Ualentiuiauus.
440 1737 610 1801 Praeterea
632 1740 768 1801 mauime
785 1744 915 1819 propter
937 1741 1151 1803 auctoritatem
1167 1732 1298 1807 codicis*
1394 1813 1396 1822 χ

136 1848 160 1905 Τ
177 1847 256 1923 puto
274 1844 431 1923 pertinere
452 1863 479 1904 r.
496 1845 515 1902 1
537 1841 581 1903 ad
600 1838 862 1909 Ualentiuiauum
884 1844 912 1903 et
932 1863 959 1903 r.
975 1844 999 1903 2
1013 1843 1057 1904 ad
1073 1835 1287 1907 Theodosium

41 1999 45 2012 „
69 1935 71 1940 ¹
136 1949 165 2007 et
185 1943 363 2007 Arcadium
387 1943 563 2026 (Arcadius
585 1943 668 2004 euim
686 1943 857 2022 praeteriri
879 1962 943 2005 uou
965 1943 1114 2028 debehat),
1143 1966 1169 2008 r.
1194 1949 1214 2006 6
1236 1947 1282 2010 ad

114 2114 116 2119 ⁴
138 2045 345 2109 Theodosium
368 2051 396 2109 et
408 2045 587 2108 Arcadium
609 2044 676 2125 (hie
697 2048 725 2107 et
746 2066 772 2106 r.
796 2049 816 2106 9
838 2045 874 2106 de
896 2045 1008 2107 eisdem
1031 2047 1121 2110 (louis
1142 2048 1280 2128 irnpera
1396 2090 1397 2101 i

135 2152 239 2211 torum
268 2149 322 2228 aqi
343 2148 494 2230 uidetur),
523 2168 550 2209 r.
574 2149 595 2208 8
624 2147 668 2210 ad
689 2148 807 2210 eosdem
830 2146 882 2227 (ef.
907 2145 998 2211 Goth.
1022 2149 1066 2210 ad
1087 2147 1120 2212 0.
1146 2148 1204 2213 Th.
1227 2152 1278 2230 15,

135 2255 166 2328 9,
174 2255 201 2313 1„
211 2255 245 2313 at
255 2250 441 2329 eoustitutio,
452 2249 825 2328 auaseuatuseousultum
830 2250 991 2329 firmatur,
994 2250 1137 2330 praefert
1145 2255 1280 2316 uomina

137 2353 235 2415 trium
250 2351 491 2432 Aiiyustomm),
514 2372 541 2412 r.
558 2355 597 2411 10
620 2351 663 2412 ad
679 2350 885 2413 Theodosium
907 2355 935 2413 et
949 2350 1126 2416 Arcadium
1148 2358 1177 2417 et
1197 2375 1224 2419 r.
1239 2361 1280 2418 11
1394 2429 1395 2436 ἵ

137 2456 181 2517 ad
214 2453 476 2518 Ualentiuiauum
504 2452 554 2533 (ut
581 2473 651 2515 eum
674 2455 798 2515 uacatio
828 2475 849 2516 a
883 2451 1108 2517 Ualentiniauo
1130 2459 1277 2537 peteuda,
1395 2490 1397 2506 ³

137 2557 308 2620 Theodosio
324 2561 353 2619 et
366 2554 507 2617 Arcadio
523 2554 570 2617 uil
584 2556 648 2617 uisi
665 2553 860 2618 Praetextati
875 2575 959 2618 mors
972 2558 1155 2622 nuntianda
1168 2561 1277 2639 tuerit,
1395 2542 1401 2559 ‘

133 2658 323 2721 relationum
344 2662 383 2719 10
412 2662 439 2719 64
461 2661 498 2718 11
520 2658 604 2720 t'tuli
619 2658 729 2736 potius
751 2657 969 2719 commutandi·
985 2658 1158 2741 uideatur),
1187 2682 1214 2725 r.
1237 2666 1279 2726 14
1346 2646 1351 2653 ’
1396 2669 1399 2678 ’

134 2761 178 2823 ad
210 2759 471 2824 Uateutiuiauum
500 2759 709 2839 (quamquam
737 2777 787 2821 res
813 2759 885 2842 ipsa
913 2760 957 2821 ad
984 2763 1045 2823 tres
1066 2759 1279 2842 Imperatores

130 2863 332 2946 pertinebat).

223 2963 310 3043 Quae
338 2964 465 3046 exposui
486 2962 668 3044 probantur
694 2961 899 3026 relationibus
921 2961 1102 3045 Symmachi
1127 2964 1279 3045 praefecti
1393 2954 1399 2994 ²

109 3121 111 3126 .
136 3066 225 3131 urhis
246 3087 276 3128 a.
298 3069 369 3129 418.
392 3066 451 3128 has
471 3065 651 3144 relationes,
675 3083 755 3143 quas
776 3065 812 3127 in
834 3066 966 3129 editiom
989 3088 1019 3130 a.
1041 3070 1123 3130 1604
1145 3064 1279 3132 Juretus
1393 3117 1398 3166 4

135 3172 164 3232 et
196 3169 251 3247 qui
282 3168 413 3230 iuseeuti
440 3171 515 3237 suut
541 3167 671 3229 editores
692 3168 799 3246 patris
826 3167 1032 3232 relationibus
1060 3168 1278 3233 adiunxerant
1392 3185 1399 3250 '9

37 3287 40 3291 ’
134 3271 193 3350 (ita
215 3274 250 3332 ut
271 3289 324 3333 eas
345 3271 446 3332 nostri
467 3269 648 3350 Symmachi
669 3289 732 3332 esse
754 3271 885 3349 quidam
903 3271 1076 3352 putarent),
1106 3274 1140 3333 tu
1162 3290 1278 3351 quaeso
1393 3283 1397 3306 ¹

134 3374 196 3453 leae
217 3374 253 3435 iu
266 3364 603 3435 Barouii‘auualihus
625 3371 837 3435 ecelesiasticis
859 3393 888 3435 a.
904 3376 966 3435 418
982 3378 1009 3436 64
1022 3376 1083 3436 419
1105 3371 1192 3454 (tom.
1217 3373 1278 3458 V):
1392 3385 1394 3390 ‘

134 3476 276 3538 iuueuies
291 3473 487 3555 praefectum
509 3473 605 3549 urhis,
629 3473 685 3550 qui
707 3473 791 3536 ahias
812 3474 849 3537 de
870 3476 971 3537 saeris
993 3474 1113 3536 domiui
1135 3475 1278 3540 inuictis·
1370 3518 1377 3527 -

132 3578 207 3641 simi
223 3577 380 3658 priuamis
392 3575 566 3655 praeceptis
581 3576 767 3637 meutiouem
779 3579 904 3655 laceret,
927 3576 963 3638 iu
977 3575 1185 3638 relationibus
1199 3577 1279 3640 duos

118 3679 318 3760 'appellasse
341 3677 464 3740 domini
487 3677 698 3762 imperatores
717 3676 837 3738 Honori
862 3687 894 3739 et
909 3675 1074 3740 Theodosi
1097 3677 1140 3760 pii
1163 3675 1278 3741 felices

21 3825 23 3829 ψ
133 3791 165 3843 et
186 3777 301 3864 inclyti
325 3779 465 3842 uictores
488 3799 615 3862 semper
635 3777 792 3860 Augusti,
814 3798 912 3857 aeque
934 3782 1038 3841 autem
1059 3798 1196 3859 usquam
1216 3800 1278 3845 uu
1392 3817 1397 3840 t

132 3903 216 3947 mero
248 3882 406 3962 sinautari
443 3899 535 3943 usum
569 3900 638 3944 esse.
701 3881 755 3943 sed
786 3879 977 3959 Bonifaeius
1015 3881 1174 3963 episeopus
1205 3902 1278 3947 oum
1370 3930 1376 3941 .

132 3986 349 4066 imperatorem
383 3982 568 4062 appellaret:
596 3981 866 4044 christianissime
888 3983 1037 4067 princeps
1060 3987 1089 4046 et
1109 3981 1279 4068 gloriosis·
1364 3990 1372 4001 “

133 4087 213 4149 sime
243 4094 275 4147 et
298 4082 565 4169 tranquillissime
588 4083 762 4167 imperator
785 4086 950 4167 Auguste,
980 4085 1145 4166 aliquoties
1164 4086 1277 4168 siuyu-
1392 4141 1399 4166 ,‚,

132 4189 233 4252 tarem
253 4207 421 4251 numerum
439 4186 562 4268 plurali
584 4187 728 4248 mutauit.

503 4420 902 4438 —-——-·-—--·-—
