2970 5122
233 389 275 454 38
569 394 750 453 siunacni
772 401 927 451 suasuro
951 392 1002 451 26.
1026 392 1076 450 27.

233 544 324 607 tione
346 544 520 628 gestorum,
544 541 665 605 lactum
688 531 821 626 quidem
842 539 996 604 urinandi
1016 537 1138 604 artifex
1152 560 1218 603 non
1232 540 1378 625 negauit,

235 645 294 710 sed
316 666 358 709 ex
379 666 440 708 usu
463 643 587 730 operis,
616 664 681 707 non
708 644 743 706 in
772 642 1093 707 dehonestamentum
1115 641 1269 727 Oyriadis
1292 663 1322 706 c.
1344 665 1377 706 u.

202 760 220 808 6
237 748 404 812 asserebat
425 744 604 810 remedium
626 744 829 808 huiusmodi
852 766 924 833 esse
935 744 1129 831 prouisum·
1150 754 1228 809 tuno
1242 749 1379 830 respon·

236 851 363 913 sianum
384 849 542 912 uarietate
564 847 716 911 commoti
737 848 939 910 coercuimus
955 867 975 910 a
989 846 1175 932 praeteritis
1191 840 1380 931 discrepan-

236 961 312 1015 tem.
356 959 391 1014 at
412 948 469 1014 ille
490 947 666 1036 Cyriadem
688 949 752 1013 sibi
774 949 820 1014 ait
848 948 972 1014 dudum
999 934 1102 1013 fuisse
1123 949 1250 1013 terrori.
1294 947 1408 1036 quod⁵

158 1088 162 1096 ·
238 1052 394 1118 credibile
417 1073 481 1116 non
503 1049 643 1130 uidetur,
667 1073 741 1114 cum
763 1051 850 1115 illius
873 1051 1028 1138 temporis
1050 1052 1200 1136 cognitor
1220 1051 1262 1114 ad
1280 1048 1382 1113 fidem

236 1156 307 1221 ueri
340 1153 491 1218 districta
519 1153 709 1238 quaestione
736 1153 951 1238 peruenerit..
975 1153 1101 1217 interea
1122 1151 1335 1239 Cyriades-u.
1355 1174 1383 1216 a.

237 1257 366 1321 facilem
388 1255 570 1343 profectum
593 1276 662 1319 esse
685 1256 847 1339 suggessit
868 1245 976 1341 operis
999 1255 1178 1336 sarciendi,
1201 1255 1295 1320 cuius
1318 1264 1383 1320 sta-

238 1358 411 1441 bilitatem,
435 1357 531 1421 sicuti
545 1366 707 1421 assertum
722 1365 793 1439 est,
806 1354 910 1423 hiems
932 1358 1030 1422 tertia
1050 1379 1116 1421 non
1130 1355 1276 1420 resoluit.
1310 1358 1383 1442 ipse

237 1470 345 1525 autem
373 1459 422 1524 de·
442 1457 725 1534 aedificationibus
747 1459 907 1524 Auxentii
933 1480 964 1523 u.
988 1481 1014 1523 c.
1044 1467 1076 1522 et
1103 1459 1145 1522 de
1170 1460 1382 1545 usurpatione
1396 1477 1420 1518 10

205 1569 220 1618 ‘1
239 1561 393 1627 inmodici
416 1563 487 1626 auri
508 1560 666 1626 nonnulla
679 1560 810 1625 iudiciis
825 1560 999 1625 intimauit.
1031 1583 1114 1647 qnae
1128 1559 1200 1626 ideo
1215 1571 1382 1645 gestorum

238 1665 368 1752 paginis
401 1664 525 1749 placuit
554 1655 728 1750 applicari,
762 1671 798 1726 ut
826 1663 1002 1728 aeternitas
1029 1672 1141 1728 uestra
1170 1665 1297 1729 cunctis
1315 1686 1385 1752 -per

240 1767 384 1834 ordinem
404 1766 566 1851 patienter
582 1764 704 1836 auditis
720 1764 893 1851 prouidere
908 1765 1071 1850 dignetur,
1094 1765 1384 1852 quemadmodum

241 1869 497 1934 concertantium
520 1865 735 1931 aemulatione
756 1889 931 1954 conpressa
952 1876 984 1932 et
998 1867 1180 1952 integritati
1195 1878 1383 1954 sumptuum

242 1979 274 2036 et
295 1970 441 2034 firmitati
463 1969 570 2056 operis
593 1966 790 2034 consulatur.
1396 1993 1407 2032 1

606 2196 609 2201 -
674 2154 876 2220 RELATIO
897 2155 950 2220 27.
1008 2208 1010 2211 .
1064 2167 1065 2170 ’

325 2284 371 2349 Ut
398 2283 500 2346 uestri
525 2280 667 2347 numinis
689 2302 826 2345 ueneror
848 2266 1047 2365 sanctiones,
1075 2284 1121 2347 ita
1142 2282 1386 2350 obseruantiam

242 2387 352 2471 iugem
384 2383 605 2450 saluberrimis
639 2383 709 2449 diui
742 2385 899 2467 genitoris
932 2387 1035 2449 uestri
1065 2386 1206 2472 inpendo
1234 2387 1386 2451 decretis.

242 2487 321 2574 quid
344 2487 430 2550 enim
451 2485 506 2550 ille
528 2473 708 2566 constituit,
730 2484 817 2571 quod
840 2488 943 2572 possit
964 2486 1097 2573 publica
1115 2509 1195 2573 ,cura
1209 2485 1387 2553 deserere?

242 2591 367 2654 isinter
389 2587 468 2670 alia,
485 2610 568 2674 quae
583 2589 618 2652 in
632 2588 755 2653 bonum
770 2586 935 2674 publicum
952 2589 1099 2671 contulit,
1123 2591 1221 2655 etiam
1237 2589 1387 2655 medendi
1404 2622 1407 2630 ¹

244 2689 485 2778 professoribus
508 2689 599 2754 dedit
621 2688 768 2755 ordinem
790 2692 1015 2776 successionis,
1037 2693 1065 2757 si
1079 2679 1187 2757 locum
1202 2691 1389 2779 quempiam

244 2792 430 2880 decedentis
452 2794 585 2859 fortuna
605 2793 769 2859 nudasset.
800 2815 878 2879 ¹qua
898 2792 972 2878 lege
994 2797 1125 2859 cautum
1147 2802 1210 2876 est,
1233 2803 1269 2859 ut
1290 2795 1390 2880 primi

244 2898 323 2961 artis
347 2895 491 2960 eiusdem
513 2893 553 2957 de
574 2916 732 2960 nouorum
754 2894 891 2987 scientia
910 2895 1102 2960 iudicarent.
1139 2895 1222 2961 hanc
1238 2896 1392 2981 formam,

212 3003 403 3082 2quantum
423 3005 584 3079 asserunt,
606 3008 696 3063 aetas
719 3003 831 3063 secuta
853 2998 1008 3081 seruauit,
1036 2997 1114 3065 ddd.
1131 2998 1254 3086 imppp.
1300 3022 1390 3065 nunc

245 3099 407 3165 lohannes
430 3122 462 3164 u.
479 3122 510 3186 p.
532 3121 599 3164 non
621 3122 693 3164 eum
715 3099 864 3184 gradum,
887 3122 984 3186 quem
1002 3100 1212 3185 surrogandis
1227 3101 1472 3170 dederunt25

245 3201 327 3265 scita
349 3198 484 3284 diualia,
514 3201 572 3265 sed
594 3223 719 3265 summo
747 3204 930 3287 proximum
958 3212 1095 3268 conatur
1121 3202 1260 3289 adipisci
1287 3203 1390 3270 fultus

245 3302 409 3388 palatinae
431 3301 565 3366 militiae
588 3303 759 3389 priuilegio
783 3314 815 3368 et
835 3305 1062 3391 impetratione
1084 3305 1234 3391 specialis
1257 3304 1391 3391 oraculi,

247 3427 311 3493 quo
328 3405 472 3492 Epicteti
486 3404 640 3471 archiatri
654 3404 760 3472 locum
775 3415 853 3471 tuno
867 3406 975 3472 adhuc
989 3408 1172 3494 superstitis
1188 3409 1388 3496 impetrauit.

246 3506 305 3572 sed
338 3507 415 3593 quia
443 3504 515 3592 lege
543 3520 575 3575 et
603 3530 693 3575 more
720 3510 912 3594 cogentibus
941 3519 1115 3575 summates
1143 3508 1290 3574 eiusdem
1317 3530 1391 3595 pro·

246 3609 397 3674 fessionis
424 3632 499 3696 par·
513 3609 576 3676 fuit
602 3612 637 3674 in
665 3632 802 3675 examen
832 3614 949 3694 acciri,
980 3611 1165 3679 adhibitum
1193 3622 1243 3678 est
1269 3612 1391 3679 iudicio
1405 3631 1451 3674 sa

317 3833 329 3878 1
351 3828 510 3883 munnand1
532 3835 552 3881 1¹
625 3835 641 3882 2
663 3846 686 3883 c.
708 3847 753 3882 urr
774 3836 807 3882 r:
832 3830 866 3884 V.
884 3830 913 3885 O.
936 3831 1000 3885 Jwr.
1022 3834 1051 3886 2.
1073 3847 1140 3900 sqq,
1162 3831 1314 3884 consularis
1336 3831 1392 3886 uiri

249 3896 333 3951 Geta
369 3935 376 3947 .
411 3898 688 3965 sprospeotumeaa.
722 3898 861 3951 ttercrar
898 3905 929 3952 10
939 3916 965 3950 u.
976 3905 1027 3952 cr
1042 3899 1160 3953 Jar.2.s
1179 3898 1283 3966 qsuiri
1293 3914 1391 3952 consu·

247 3963 313 4041 laris
334 3909 391 4080 ipit.
410 3978 505 4086 ,1ἕῖἀά
537 3971 566 4016 11
585 3963 696 4018 iudiciis
713 3965 795 4019 Saea:
816 3965 916 4019 radron
934 3971 963 4032 2,
985 3966 1097 4020 indiciis
1115 3966 1176 4021 ed.
1247 3971 1277 4019 12
1301 3966 1391 4035 appli-

248 4047 306 4085 cari
357 4046 420 4084 aour
506 4073 512 4086 .
552 4045 555 4050 ·

314 4048 368 4152 rial.
386 4103 427 4152 27.
453 4099 513 4155 Gel.
532 4105 574 4153 26.
594 4100 654 4153 Jur.
671 4104 712 4157 40.
735 4099 797 4154 Par.
815 4105 856 4153 47.
874 4095 875 4098 ’
928 4106 958 4154 16
971 4099 1004 4158 D.
1017 4100 1175 4155 Theodosio
1194 4116 1305 4170 semper
1319 4100 1391 4170 Aug.

248 4164 434 4234 Symmachus
451 4185 477 4220 v.
496 4183 519 4220 c.
536 4166 627 4221 Praef.
646 4167 713 4221 Urb.
732 4167 793 4222 edd.
872 4168 907 4235 cf.
927 4168 1006 4222 eota.
1024 4168 1064 4222 ad
1083 4168 1113 4223 0.
1132 4169 1181 4223 Ta.
1197 4171 1227 4235 2,
1245 4171 1271 4233 4,
1288 4171 1314 4222 4.

250 4240 280 4288 17
299 4235 335 4287 ob
354 4236 531 4288 senuantram
549 4241 569 4286 'r
620 4241 653 4289 20
671 4240 710 4288 est
731 4234 925 4289 Valentiniani
942 4240 968 4290 et
984 4234 1108 4290 Valentis
1124 4236 1285 4290 conutitutis
1299 4235 1328 4289 0.
1343 4235 1393 4289 Tla

250 4305 293 4368 13,
309 4306 336 4367 3,
353 4303 379 4353 9.
453 4308 486 4355 24
507 4301 541 4354 D.
563 4301 720 4423 Imperator
742 4302 804 4359 edd.
874 4309 907 4357 25
928 4303 975 4372 up.
996 4309 1016 4354 Τ
1035 4309 1059 4358 at
1082 4303 1146 4357 Jar.
1163 4307 1192 4358 2.
1210 4318 1266 4371 sqq.
1286 4305 1330 4368 (=
1348 4303 1393 4356 uir

248 4367 494 4436 perfectissimus):
513 4369 557 4421 uir
574 4386 612 4438 pa
625 4370 708 4423 ricius
727 4370 786 4424 Gal.
804 4386 860 4438 sqq.
948 4375 981 4423 26
1000 4370 1107 4425 diualia
1123 4371 1228 4440 scripta
1246 4370 1306 4425 edd.

249 4442 281 4490 29
299 4438 446 4490 summatrs
463 4442 483 4488 τ
1340 4468 1344 4474 -
