2970 5122
518 411 698 460 srunscur
720 410 873 459 anusrro
897 401 950 459 28.
1259 393 1299 456 41

163 550 202 615 de
224 545 283 616 sex
305 550 422 631 unciis,
446 570 526 635 quas
548 548 690 613 minores
713 549 811 612 etiam
825 569 860 611 se
872 546 1092 612 consentiente
1107 543 1301 623 retinebant,

161 676 226 719 non
253 654 328 728 ibas
351 652 473 715 infitias
501 672 562 714 nec
585 672 644 713 sua
666 648 991 729 interessedicebat,
1014 657 1139 713 actores
1161 647 1301 711 clarissi-

162 777 232 818 mae
255 755 369 819 domus
391 775 434 816 an
454 752 591 818 heredes
614 750 733 816 Thesei
755 751 869 815 eadem
891 759 985 837 parte
1006 750 1201 815 fruerentur.
1224 759 1302 814 tunc
1320 763 1335 812 7

160 857 342 922 actionibus
366 846 526 941 copulatis
549 855 702 919 Scirtium
723 874 840 937 urgere
862 862 1053 940 coeperunt,
1082 852 1172 938 quod
1190 872 1302 915 secun·

138 960 239 1036 sdpm
266 958 453 1023 mandatum
481 956 681 1022 clarissimae
703 955 878 1021 memoriae
899 954 1040 1019 feminae
1061 954 1222 1018 Parianae
1244 974 1303 1016 sex

160 1062 271 1127 uncias
294 1061 421 1125 Theseo
448 1081 508 1145 per
535 1059 705 1147 epistolam
734 1056 949 1140 reddidisset,
980 1079 1039 1121 sex
1065 1077 1143 1120 uero
1165 1054 1246 1119 alias
1268 1055 1302 1117 in

160 1164 228 1228 eius
251 1162 372 1228 liberos
394 1161 585 1227 contulisset
606 1169 786 1247 spontanea
807 1158 968 1245 largitate.
1005 1159 1047 1222 ad
1069 1160 1150 1223 haec
1164 1157 1302 1222 Scirtius

160 1264 247 1331 idem
270 1264 388 1329 litteris
410 1263 628 1328 familiaribus
651 1263 737 1348 quod
759 1263 989 1327 donationibus
1011 1263 1045 1325 in
1066 1259 1229 1326 Theseum
1249 1257 1304 1322 uel

159 1365 313 1454 paruulos
330 1365 543 1438 ,transfusum
565 1388 636 1431 esse
660 1364 792 1429 dicebat
819 1364 922 1452 ipsius
951 1364 1072 1450 petitu,
1098 1373 1136 1427 ut
1156 1371 1303 1427 actorum

127 1468 242 1551 itfides
264 1468 458 1534 beneficium
479 1470 656 1533 roboraret.
701 1477 733 1532 et
755 1489 790 1531 re
812 1489 891 1532 uera
912 1488 985 1530 cum
1007 1465 1197 1553 posteriora
1209 1473 1307 1547 gesta,

159 1593 219 1658 pro
240 1569 384 1635 indiuiso
407 1591 467 1634 sex
488 1571 602 1635 uncias
618 1591 748 1634 massae
762 1570 796 1632 in
812 1561 867 1635 eos
883 1567 1027 1635 conlatas
1043 1589 1115 1633 esse
1130 1574 1301 1647 testentur,

160 1671 383 1738 intelleximus
413 1681 542 1758 partem
570 1672 737 1738 donatoris
760 1679 941 1759 exceptam.
984 1692 1044 1736 cur
1066 1671 1152 1734 enim
1173 1690 1233 1757 pro
1254 1669 1302 1732 in-

160 1773 268 1840 diuiso
284 1775 388 1855 daret,
412 1775 440 1837 si
456 1773 538 1839 nihil
553 1774 732 1855 resederat,
748 1773 836 1859 quod
850 1774 921 1860 ipse
936 1773 1114 1838 retineret?
1148 1770 1207 1836 sed
1221 1770 1303 1835 haec
1319 1778 1337 1828 8

160 1898 233 1941 cum
262 1876 306 1940 ad
333 1876 541 1963 proprietatis
569 1897 701 1940 causam
724 1875 864 1940 dicerem
886 1877 1064 1963 pertinere,
1093 1874 1230 1940 recitata
1253 1880 1303 1937 est

128 1997 149 2036 15
160 2001 180 2042 a
201 1977 429 2044 defensoribus
445 1978 643 2058 constitutio,
666 2000 750 2063 quae
764 1977 930 2043 iudicibus
944 1977 1063 2043 tribuit
1076 1977 1214 2063 copiam,
1236 1998 1301 2040 non

159 2083 296 2169 imponit
312 2081 551 2160 necessitatem,
564 2089 611 2159 ‚ut
626 2079 775 2165 quotiens
792 2079 833 2144 de
854 2082 1059 2165 possessione
1081 2077 1299 2144 successionis

159 2183 308 2248 iudicant
328 2183 481 2248 continno
504 2182 533 2246 si
555 2204 649 2248 casus
678 2181 790 2253 tulerit
812 2183 908 2246 etiam
930 2180 972 2246 de
997 2182 1070 2246 iure
1094 2188 1299 2264 cognoscant.

160 2306 223 2370 qua
244 2286 371 2350 actione
393 2284 532 2349 confessi
554 2292 631 2348 sunt
653 2283 696 2348 ad
716 2282 814 2349 aliam
835 2306 870 2348 se
890 2306 1024 2350 causam
1039 2282 1135 2348 malle
1150 2281 1301 2346 transire.

159 2395 327 2473 praeterea
349 2409 414 2452 non
437 2386 526 2452 solus
543 2387 682 2452 Scirtius
697 2387 906 2474 proprietatis
922 2388 1111 2472 quaestione
1125 2383 1302 2449 uidebatur
1371 2383 1377 2394 ’

125 2517 148 2557 au
161 2489 342 2572 urgendus,
364 2510 438 2553 curn
460 2489 524 2575 ipsi
545 2491 674 2574 quoque
696 2489 781 2552 inter
800 2510 836 2553 se
851 2510 950 2575 super
964 2487 1025 2552 hac
1039 2496 1130 2575 parte
1146 2485 1300 2574 quodam·

159 2591 256 2656 modo
279 2589 487 2654 dissiderent.
525 2613 625 2675 quare
640 2592 680 2655 dc
695 2590 900 2676 possessione
915 2589 1094 2654 secundum
1110 2589 1303 2654 documenta
1319 2605 1335 2652 a

161 2693 272 2758 Scirtii
300 2703 333 2757 et
356 2691 583 2778 principalium
609 2693 796 2757 testimonia
822 2691 982 2756 indicaui:
1012 2691 1208 2756 aduersariis
1231 2679 1301 2756 eihs

159 2817 219 2865 sex
246 2796 415 2859 unciarum
442 2792 623 2858 retentione
651 2804 683 2860 et
704 2795 775 2859 iure
797 2794 946 2859 firmatis.
988 2793 1202 2881 principalem
1224 2815 1301 2858 uero

160 2918 290 2962 causam
320 2894 420 2960 saluis
450 2895 633 2960 actionibus
662 2897 805 2983 partium
827 2895 937 2964 futuro
960 2896 1105 2961 examini
1127 2895 1300 2959 reseruaui.
1362 2957 1365 2963 ,

114 3020 147 3067 ss
160 3009 193 3064 et
214 3022 292 3065 mox
314 2998 494 3062 sententiae
517 2996 686 3085 exemplar
708 2999 817 3082 emisi,
841 3021 914 3064 cum
936 2999 1007 3066 eius
1030 2998 1205 3064 editionem
1227 3015 1299 3083 pro*
1320 3010 1352 3058 10

159 3096 290 3168 curator
318 3098 505 3188 spectabilis
532 3101 597 3164 uiri
625 3102 778 3166 continuo
805 3100 1014 3189 postulasset.
1057 3112 1135 3169 tunc
1163 3099 1301 3166 Scirtius

159 3203 281 3292 optulit
306 3203 508 3284 sanctiones,
539 3203 657 3288 quibus
687 3203 818 3270 doceret
838 3204 873 3269 in
894 3203 1125 3270 reformatione
1146 3202 1302 3268 momenti

158 3304 283 3370 nullum
306 3327 378 3368 esse
400 3302 673 3389 appellationibus
695 3304 813 3370 locum.
850 3306 1010 3393 postridie
1031 3315 1222 3392 procurator
1236 3303 1301 3368 cla·

159 3408 336 3481 rissimi-et
357 3405 495 3470 illustris
516 3407 580 3470 uiri
602 3429 641 3470 ac
662 3407 815 3472 defensor
836 3409 1007 3490 minorum,
1030 3408 1086 3495 qui
1101 3407 1303 3494 putabantur

114 3525 148 3570 so
160 3509 194 3573 in
209 3506 331 3572 iudicio
346 3510 541 3594 discrepare,
557 3509 763 3574 concordiam
779 3532 870 3574 suam
885 3511 1004 3575 iunctis
1015 3509 1300 3597 prouocationibus

160 3609 356 3675 indicarunt.
386 3608 467 3674 haec
482 3620 532 3676 est
546 3611 651 3678 omnis
667 3597 794 3677 summa
808 3611 1004 3679 luctaminis.
1034 3636 1121 3680 nunc
1135 3612 1301 3680 oraculum
1321 3616 1351 3665 11

230 3913 422 3967 lretmebatn
457 3914 622 3968 a1nf101asr
657 3916 808 3969 ducebat’r
843 3915 1037 3970 3fruereturT
1072 3919 1266 3985 tscyrtrumr

161 3985 285 4046 tamn,
301 3981 330 4034 C.
345 3981 406 4035 edd.
458 3981 595 4037 Facianae
614 3984 675 4042 edd.
727 3985 882 4036 tunnasr
922 3990 948 4043 ,7
967 3985 1123 4053 scyrhusn
1182 3991 1213 4038 13
1229 3983 1301 4037 nihil

161 4049 308 4113 resideret,
327 4049 403 4115 quod
420 4049 557 4104 retineret
574 4052 636 4107 edd.
704 4050 758 4104 hoc
776 4052 839 4105 edd.
909 4057 940 4106 17
959 4054 1091 4106 continuo
1109 4069 1154 4106 sus
1172 4057 1232 4104 812

162 4122 193 4169 18
212 4133 324 4171 causam
342 4132 370 4169 se
390 4118 451 4170 edd.
520 4119 671 4172 mallem’r
746 4124 776 4171 19
799 4119 961 4186 scyrtms’r
1029 4126 1063 4175 20
1084 4118 1300 4190 urguendum?

239 4190 272 4237 22
296 4185 424 4252 scyrtrr
510 4191 543 4239 24
565 4186 692 4240 εοΙιιιεΤ
772 4185 930 4240 actionibus
954 4187 1000 4253 (cf.
1023 4204 1044 4244 e.
1067 4202 1093 4256 p.
1112 4192 1153 4252 19,
1176 4189 1300 4253 aar.)

161 4267 223 4306 uos:
249 4251 410 4320 gatrombns
432 4257 460 4317 2,
488 4253 704 4331 allegationibus
727 4253 788 4308 edd.
873 4259 906 4307 25
929 4255 1059 4332 exempla
1079 4271 1174 4307 remrsr
1196 4259 1216 4305 l'

162 4323 193 4371 26
211 4320 330 4386 scyrtrus
348 4325 368 4370 ’r
436 4325 469 4372 29
487 4320 633 4374 clarissimi
651 4322 681 4375 et
697 4320 815 4375 illustris
832 4321 887 4373 uiri
899 4320 1031 4389 (Olybrir)
1049 4320 1300 4376 Buttmann-Hou-

162 4386 525 4522 ffiiwclaffliffiffii
539 4388 601 4510 182άὲ
618 4394 703 4510 (224τέιί
713 4388 851 4510 (Πὶὲιεξτέε)
864 4389 928 4508 epidT
995 4389 1169 4457 putabantur
1180 4389 1300 4444 Beuum.-

254 4473 275 4505 ..·
598 4496 604 4510 .
722 4473 751 4511 m
772 4474 790 4509 n
826 4473 878 4508 run
