2970 5122
158 357 200 422 22
487 368 668 418 srnnscm
689 366 841 416 suasero
866 355 913 414 14.
937 354 985 414 15.

104 592 107 597 θ
158 532 236 596 pars
256 509 381 574 urenda
402 505 543 572 lauacris
564 506 653 590 ligna
668 514 854 592 conportet,
879 515 955 571 suut
969 505 1024 590 qui
1039 501 1175 576 fabriles
1192 525 1308 567 manus

161 610 310 696 augustis
339 610 493 697 operibus
520 609 783 689 accommodent,
811 629 869 694 per
891 605 974 673 alios
997 607 1132 671 fortuita
1153 596 1309 670 arcentur

161 712 324 778 incendia.
367 713 432 776 iam
460 733 622 797 caupones
646 720 679 801 et
700 711 859 796 obsequia
879 707 1031 797 pistoria,
1058 707 1163 792 frugis
1186 711 1219 771 et
1244 708 1308 772 olei

161 813 290 882 baiulus
330 813 512 899 multosque
546 813 581 876 id
610 835 712 899 genus
746 813 874 900 patriae
906 812 1086 876 seruientes
1115 831 1308 875 enumerare

162 917 330 983 fastidium
355 925 415 982 est.
458 915 501 979 ad
523 938 681 981 summam
707 914 811 1001 liquet
841 913 1047 1002 priuilegium
1069 921 1163 978 uetus
1185 926 1332 998 magno⁵

163 1018 327 1105 impendio
345 1028 492 1084 constare
508 1016 673 1082 Romanis.
707 1019 776 1102 iugi
796 1016 951 1103 obsequio
966 1015 1171 1080 inmunitatis
1187 1038 1309 1080 nomen

128 1133 145 1182 4
164 1133 322 1187 emerunt.
357 1121 443 1209 quod
460 1122 488 1185 si
502 1120 700 1185 adiiciantur
714 1119 857 1202 insolita,
879 1119 1017 1183 forsitan
1033 1127 1186 1183 consueta
1201 1139 1309 1183 cessa·

162 1225 257 1290 bunt.
293 1246 392 1309 quare
415 1234 585 1310 paternum
608 1221 800 1288 clementiae
822 1232 898 1288 tuae
917 1221 1094 1307 ingerimus
1110 1221 1308 1309 exemplum.

162 1327 302 1414 praetuli
330 1325 512 1407 oraculum,
542 1324 629 1412 quod
651 1327 724 1411 pius
747 1347 914 1390 successor
935 1323 1085 1388 imiteris.
1129 1345 1185 1388 oro
1207 1333 1309 1410 atque

164 1430 315 1512 obsecro,
339 1453 380 1495 ne
403 1425 571 1515 populum,
595 1450 690 1514 quem
712 1426 950 1516 triumphantes
973 1449 1071 1513 saepe
1093 1428 1347 1509 ueneramini71o

163 1535 280 1597 ceteris
309 1531 447 1596 urbibus
473 1531 664 1597 conferatis:
710 1532 802 1597 dabit
829 1530 962 1596 fortuna
988 1528 1116 1612 melior,
1149 1529 1309 1617 quicquid

163 1634 339 1699 castrensis
354 1657 432 1699 usus
449 1633 618 1718 efflagitat.
652 1632 864 1698 humanitatis
880 1632 995 1698 merito
1008 1634 1184 1698 necessitas
1196 1641 1310 1698 uestra

163 1737 351 1804 sedabitur.-

597 1922 798 1989 RELATIO
824 1922 872 1987 15.

221 2045 431 2110 DDDNNN.
453 2043 748 2110 Ualentiniauo
772 2041 993 2110 Theodosio
1017 2052 1053 2108 et
1076 2044 1256 2112 Arcadio
1326 2077 1350 2118 15

179 2170 335 2234 semper
356 2148 509 2233 Auggg.
534 2145 788 2234 Symmachus
811 2169 843 2211 u.
866 2169 895 2210 c.
919 2146 1147 2233 praefectus
1168 2149 1296 2214 urbis.

250 2300 305 2364 Ab
327 2309 444 2365 exortu
465 2321 568 2388 paene
591 2301 682 2366 urbis
697 2298 837 2365 Martiae
860 2308 1042 2364 strenarum
1066 2322 1144 2370 usus
1166 2301 1314 2367 adoleuit

167 2412 301 2468 auctore
329 2403 424 2467 Tatio
458 2424 551 2489 rege,
585 2403 641 2490 qui
674 2402 834 2467 uerbenas
868 2401 973 2466 felicis
1008 2403 1133 2468 arboris
1167 2425 1209 2468 ex
1238 2404 1313 2472 luco

116 2572 123 2581 ,
166 2505 317 2570 Streniae
338 2506 415 2570 anni
436 2507 515 2570 noui
537 2506 687 2593 auspices
710 2504 834 2591 primus
857 2503 999 2590 accepit,
1027 2504 1149 2589 domini
1172 2506 1313 2592 impera-

165 2615 263 2672 tores,
297 2629 414 2672 nomen
436 2605 557 2671 indicio
580 2616 630 2672 est
644 2608 729 2672 'uiris
752 2607 891 2671 strenuis
907 2605 988 2670 haec
1003 2609 1174 2672 conuenire
1189 2609 1226 2674 ob
1242 2611 1309 2674 uir·
1324 2633 1351 2672 so

165 2714 268 2774 tutem
290 2720 387 2796 atque
415 2710 491 2774 ideo
513 2709 609 2776 uobis
637 2709 732 2773 huius
755 2707 843 2772 modi
865 2709 992 2792 insigne
1018 2709 1143 2792 deberi,
1173 2733 1312 2796 quorum

167 2810 298 2877 diuinus
326 2814 451 2877 animus
486 2813 591 2896 magis
619 2812 840 2877 testimonium
873 2808 1064 2895 uigilantiae
1090 2833 1187 2898 quam
1214 2837 1314 2880 omen

133 2941 149 2988 2
168 2923 329 3000 expectat.
365 2916 483 2979 sumite
497 2914 599 3010 igitur
614 2914 802 2979 defensores
816 2910 967 2999 publicae
982 2912 1095 2980 salutis
1111 2912 1314 2982 sollemniter

89 3039 94 3043 ·
167 3037 246 3081 auro
269 3015 368 3080 ducta
388 3016 594 3098 munuscula,
617 3039 681 3082 non
704 3016 781 3102 quia
803 3015 917 3081 diuitis
940 3013 1063 3081 metalli
1085 3017 1207 3082 honore
1229 3042 1312 3105 gau·

168 3119 265 3200 detis,
289 3116 348 3182 sed
366 3128 402 3183 ut
417 3128 528 3183 nostra
544 3119 675 3184 deuotio
690 3117 796 3184 felicis
812 3116 933 3182 saeculi
948 3127 1084 3184 testetur
1099 3118 1310 3206 opulentiam.
1325 3142 1349 3181 ιι

167 3219 262 3284 bonis
286 3219 489 3306 principibus
510 3220 595 3301 bene
617 3231 712 3308 parta
734 3220 884 3285 libamus.
929 3221 1082 3306 suscipite
1104 3244 1124 3285 a
1144 3222 1313 3290 iudicibus

167 3330 281 3407 aperta
304 3320 477 3408 obsequia,
507 3325 562 3409 qui
584 3324 690 3409 pretia
712 3322 839 3389 occulta
862 3321 1036 3388 damnatis.
1080 3326 1196 3390 merito
1216 3328 1312 3394 uobis

167 3421 337 3488 sollemnes
353 3435 482 3510 pateras
504 3447 576 3489 cum
598 3427 705 3512 quinis
721 3425 835 3491 solidis
857 3434 894 3489 ut
908 3426 1095 3492 numinibus
1111 3430 1312 3514 integritatis
1353 3494 1356 3499 .

167 3526 344 3606 offerimus,
360 3526 480 3612 quibus
495 3550 555 3593 neo
568 3532 679 3593 uester
693 3528 799 3615 pudor
814 3550 875 3592 nec
889 3539 999 3594 noster
1013 3551 1130 3594 census
1146 3544 1311 3598 oneratur.

135 3637 298 3699 3maneat
322 3649 439 3692 aeuum
464 3629 540 3694 talis
568 3632 655 3695 circa
681 3654 740 3696 uos
767 3654 844 3696 usus
874 3631 975 3696 officii
1007 3641 1040 3696 et
1067 3630 1223 3698 honorem
1245 3635 1309 3700 cle·
1324 3661 1348 3701 so

168 3731 308 3794 mentiae
323 3736 454 3796 uestrae
469 3732 661 3798 interminus
677 3757 834 3798 annorum
846 3756 996 3798 recursus
1008 3736 1177 3800 instauret.
1207 3734 1311 3803 liben-

167 3837 218 3897 ter
226 3834 344 3898 strenis
359 3831 571 3900 sollemnibus
583 3838 788 3922 praefectura
800 3835 956 3921 fungetur
966 3839 1107 3903 strenuis
1122 3838 1311 3906 deferenda.

235 4073 433 4192 2ἰιιιςιιιιιιΤ
502 4073 716 4127 accommodant
733 4073 795 4128 edd.
864 4080 879 4128 9
896 4075 1037 4143 protulit?

170 4211 201 4260 1⁷
222 4154 266 4272 οῗ
278 4138 417 4261 (iloichiii
429 4147 466 4261 Iti.
484 4139 727 4273 &puppim-135
759 4092 971 4263 aiilelrithidio
990 4144 1313 4269 iseiirctoritflaiblgl'itii

169 4289 199 4326 re
223 4274 316 4329 NJsedd
335 4273 475 4341 (ΤιιοιοΤ)
525 4277 606 4330 19t
574 4248 709 4331 Strenuus
722 4275 826 4332 Jwr2
859 4280 955 4345 qcf.
974 4279 1128 4334 Forcellim'
1144 4280 1254 4336 lexicon

169 4339 228 4392 D
254 4342 315 4395 edd.
396 4349 429 4396 20
451 4343 487 4397 ob
509 4359 559 4400 om
582 4350 602 4395 Τ
679 4351 709 4396 21
728 4343 861 4397 humsm
844 4293 961 4399 ubist·
1039 4354 1071 4401 22
1088 4354 1230 4401 nument·

170 4413 203 4459 24
221 4408 334 4463 diurnas
352 4415 372 4461 Τ
440 4417 474 4464 29
492 4412 622 4464 oneratus
640 4417 660 4463 Τ
740 4417 773 4465 32
790 4411 904 4466 strenis:
922 4415 1043 4468 strenurs
1060 4421 1080 4467 Τ
1223 4427 1224 4431 ’
