2970 5122
513 345 884 438 1ιιιιιιιιιιιιιιιιιιι)
907 381 959 442 26.
1274 377 1316 443 37

170 520 253 588 ddd.
269 523 393 609 imppp.
431 522 489 587 sed
511 543 585 588 cum
608 524 793 590 Auxentius
816 548 848 590 ιι.
869 547 896 590 e.
919 535 951 589 et
970 524 1128 610 Cyriades
1150 548 1255 592 comes
1277 549 1316 594 ac

169 624 379 696 mechanicus
406 624 520 712 parilis
549 624 720 710 dignitatis
749 628 890 714 quadam
912 628 998 692 inter
1020 649 1056 692 se
1076 630 1316 695 concertatione

169 727 385 812 dissentiunt,
412 726 559 792 nonnihil
581 729 806 847 superipribue
829 729 993 796 iudicibus
1017 731 1203 816 derogatur.
1247 732 1346 797 iama

168 828 296 895 dudum
318 831 404 894 enim
426 852 458 898 u
480 851 507 894 c
533 838 566 895 et
552 829 705 897 tillust
664 841 724 897 tris
747 831 936 897 Auchenius
958 833 1081 897 Bassus
1104 834 1183 899 noui
1205 836 1314 920 pontis

137 953 269 1016 sopore
289 939 461 1019 perspecto
485 931 546 997 sub
568 942 715 998 actorum
736 933 939 1000 confectione
959 934 1104 1052 signauit
1117 933 1245 1021 culpam
1261 935 1314 1000 uel

166 1033 374 1119 diligentiam
404 1033 613 1119 singulorum.
660 1035 770 1120 denuo
803 1057 971 1100 successor
1003 1036 1072 1101 eius
1100 1036 1214 1102 eadem
1242 1036 1313 1102 loca

164 1137 305 1205 rimatus
328 1138 496 1202 asseritur.
541 1135 659 1203 dehinc
681 1160 754 1203 cum
776 1137 864 1224 apud
886 1160 938 1202 me
959 1160 1002 1202 ex
1023 1140 1198 1227 rescripto,
1225 1140 1313 1225 quod
1396 1133 1403 1142 “

166 1237 329 1324 Cyriades
357 1261 445 1310 uc.
474 1239 685 1326 impetrauit,
712 1240 859 1305 recidiua
886 1241 1072 1325 cognitione
1098 1241 1313 1328 confligerent

164 1350 266 1426 atque
288 1341 370 1426 ipsis
393 1340 645 1406 consistentibus
668 1343 878 1424 censuissem,
901 1352 938 1407 ut
959 1343 1129 1429 utriusque
1143 1353 1211 1409 tam
1226 1367 1312 1409 sum·

123 1460 151 1501 ro
164 1453 245 1530 ptus
268 1465 366 1529 quam
387 1443 650 1508 aedificationem
664 1445 875 1530 inuestigatio
891 1444 1104 1529 discussionis
1120 1447 1310 1533 inquireret,

164 1568 198 1611 u.
222 1565 250 1608 c.
273 1545 459 1610 Auxentius
487 1556 621 1633 repente
643 1546 788 1612 deseruit
808 1546 997 1612 iudicatum.
1042 1547 1083 1611 de
1105 1549 1197 1613 cuius
1219 1550 1342 1615 lactea

164 1647 326 1713 missurus
352 1647 559 1728 relationem,
587 1670 685 1732 quam
713 1647 898 1714 sollicitudo
920 1650 1098 1714 intermissi
1121 1651 1229 1736 operis
1252 1673 1309 1716 ex-

164 1748 293 1834 igebat,
326 1748 392 1813 alia
424 1749 565 1813 numinis
598 1750 702 1815 uestri
731 1750 863 1818 decreta
889 1773 1000 1816 rursus
1028 1753 1155 1839 accepi,
1189 1752 1308 1839 quibus

164 1851 309 1917 examini
330 1872 402 1916 meo
423 1875 455 1916 u.
472 1873 500 1914 c.
524 1859 556 1916 et
569 1843 770 1917 laudabilem
784 1853 944 1918 uicarium
958 1853 1148 1940 copulastis,
1170 1863 1207 1918 ut
1220 1863 1308 1920 utro-

122 1977 149 2019 15
164 1975 228 2041 que
239 1953 402 2020 residente
412 1961 565 2017 accusata
575 1953 684 2040 pontis
696 1955 779 2025 uitia
789 1964 1030 2041 quaererentur.
1044 1977 1105 2021 nec
1115 1957 1308 2044 obsequium

163 2055 271 2121 defuit
284 2055 462 2142 imperatis.
497 2056 607 2142 itaque
623 2055 770 2121 adhibito
785 2080 817 2121 u.
833 2079 860 2121 c.
876 2057 1009 2123 tribuno
1026 2067 1058 2122 et
1069 2060 1195 2124 notario
1211 2058 1306 2124 Afro·

162 2158 266 2240 disio,
296 2158 349 2221 cui
376 2166 450 2244 post
470 2157 674 2222 Auxentium
700 2182 732 2226 u.
756 2180 784 2223 c.
812 2180 971 2224 nouarum
998 2160 1201 2226 molitionum
1228 2183 1307 2226 cura

162 2259 272 2344 legata
299 2268 365 2341 est,
394 2258 507 2324 habita
534 2269 585 2325 est
612 2260 653 2325 de
678 2260 730 2324 his
752 2261 922 2348 quaestio,
951 2262 1007 2347 qui
1029 2263 1138 2349 pontis
1159 2261 1306 2328 eiusdem

160 2361 375 2428 fundamenta
401 2371 590 2448 posuerunt.
634 2371 732 2449 atque
757 2365 811 2442 ,ita
838 2364 985 2429 constitit
1019 2372 1144 2451 partem
1170 2363 1339 2439 breuem4

126 2475 261 2550 aratque
288 2464 463 2528 discretam
492 2463 553 2529 sub
581 2465 717 2531 exordio
746 2465 862 2530 hiemis
882 2464 1075 2531 inchoatam
1101 2467 1137 2531 ui
1161 2466 1305 2532 fluminis

161 2566 341 2648 corruisse,
381 2565 473 2631 cuius
509 2567 712 2654 impendium
748 2568 868 2654 uiginti
901 2566 1078 2633 solidorum
1115 2567 1305 2633 definitione

159 2668 303 2735 artifices
325 2668 549 2734 aestimarunt.
588 2671 644 2734 sed
667 2691 763 2735 casus
785 2672 886 2758 partis
907 2660 1002 2736 istius
1028 2679 1141 2756 utpote
1162 2670 1270 2736 adhuc
1284 2693 1305 2736 a

159 2779 268 2837 cetero
291 2790 429 2856 corpore
451 2781 641 2856 segregatae
661 2771 744 2837 nihil
764 2773 897 2838 uidetur
919 2773 1058 2837 iniuriae
1078 2772 1156 2839 locis
1178 2772 1302 2839 distan-

158 2873 248 2941 tibus
270 2871 427 2954 attnlisse,
450 2896 547 2960 quam
565 2873 656 2939 facili
670 2874 897 2941 aedificatione
911 2874 1127 2961 reparandam
1141 2873 1301 2962 Cyriades

120 2997 146 3038 ιι
159 2999 191 3040 ιι.
214 2998 244 3040 c.
271 2973 452 3062 pollicetur.
495 2986 571 3064 post
597 2976 679 3042 haec
704 2975 839 3042 alterius
866 2975 930 3041 loci
952 2975 1132 3064 exploratio
1159 2976 1335 3047 hiulcame

158 3097 348 3163 compagem
381 3076 526 3162 lapidum
560 3077 789 3165 deprehendit,
822 3101 918 3165 quam
947 3078 1105 3166 Cyriades
1132 3101 1241 3144 eomes
1269 3091 1301 3145 et

158 3179 366 3246 mechanicus
387 3177 522 3245 consilio
544 3202 603 3247 suo
627 3190 659 3244 et
679 3180 806 3246 rationo
826 3181 906 3246 artis
929 3181 976 3245 ita
990 3183 1130 3268 positam
1145 3203 1299 3266 suggere·

156 3281 225 3363 bat,
237 3292 275 3348 ut
286 3280 395 3346 infuso
406 3291 520 3367 postea
533 3285 553 3363 †
565 3284 776 3369 inpensarum
785 3282 1045 3370 liquorehiantia
1051 3284 1299 3368 stringerentur.

158 3383 245 3471 quod
271 3405 344 3449 cum
372 3384 481 3448 faeere
508 3384 676 3449 debuisset
702 3384 906 3451 succedentis
928 3386 1103 3468 industria,
1128 3384 1299 3452 affectasse

114 3503 146 3542 0
158 3486 268 3574 potius
297 3485 431 3569 dicitur,
459 3489 497 3551 ut
522 3488 557 3551 in
579 3487 721 3553 auctoris
742 3487 901 3554 inuidiam
924 3487 1034 3575 patula
1055 3497 1201 3575 quaeque
1229 3488 1298 3552 feni

157 3599 190 3654 et
211 3589 315 3675 sparti
329 3588 505 3676 manipulis
521 3588 759 3655 clauderentur.
790 3591 879 3677 quod
900 3612 973 3657 cum
990 3593 1169 3656 aestrueret
1182 3590 1296 3656 recita-

225 3882 238 3930 1
261 3873 321 3929 DD.
342 3875 530 3953 Imperatores
552 3876 614 3933 edd.
685 3875 883 3931 4Auehenius
905 3883 925 3929 τ
948 3877 1168 3934 etdirrnondas:
1189 3877 1296 3932 Anthe-

155 3943 228 3996 mius
246 3943 309 3998 edd.
378 3943 472 4011 pontis
489 3943 556 3997 noui
574 3944 635 4000 edd.
704 3943 949 4000 ooonfeetioner
1035 3945 1293 4015 6d1hgent1amr.

154 4010 357 4081 negligentiam
375 4010 436 4065 edd.
488 4010 714 4065 8ιθοιιιιιιιιιιιτ
799 4011 1033 4089 οιιιιιιςιιιιιιιτι
1052 4012 1215 4083 refugerent
1232 4012 1293 4067 edd.

156 4085 186 4132 11
213 4077 367 4147 repetenda
393 4079 483 4131 seruit
515 4084 535 4129 Τ
634 4084 700 4132 14
716 4078 888 4133 laudabilem
906 4085 926 4131 Τ
946 4080 1004 4134 Get.
1021 4095 1089 4148 sq..
1110 4079 1294 4147 spectabilem

154 4145 577 4214 Jar.2.sqq.15u101ar
646 4146 856 4223 ιιιιριιιιιιιιτ
926 4152 957 4200 16
979 4095 1145 4200 afndrsror
1184 4146 1294 4268 Ahro6-

154 4213 298 4269 disiocdd
370 4212 573 4267 lsshabrtatar
608 4212 1043 4282 agitatatefirel213w285
1060 4217 1294 4334 30,3..,ιὲ78

154 4279 252 4346 (dur).
321 4279 485 4334 assahar
553 4286 630 4336 2511.
649 4296 672 4339 o
690 4280 871 4335 Unam?
889 4297 924 4349 q.
944 4254 1152 4336 uirconsularis
1193 4281 1293 4350 elsqq.

220 4353 253 4401 29
270 4347 409 4402 industria
426 4353 446 4398 'r
464 4352 490 4402 et
507 4348 663 4416 (industria,
685 4346 840 4416 affectame)
857 4297 941 4403 dole:
963 4347 1119 4416 debuisset,
1142 4298 1291 4404 succeden-

154 4414 188 4467 tis
205 4414 372 4469 industriam
388 4413 532 4469 affectasse
549 4415 611 4470 edd.
682 4423 716 4471 30
731 4353 840 4485 patula)
845 4431 975 4485 quaeque
989 4431 1039 4473 om.
1054 4389 1119 4470 edd.
